2418 3944
700 446 1098 488 ANTHOLOGIA
1143 447 1517 488 OXONIENSIS.

1064 741 1201 777 LXV.

1002 856 1256 929 ZBapbnz.

451 1045 856 1098 FORTUNATUS
883 1065 996 1117 ego,
1026 1065 1189 1114 quum
1214 1066 1297 1099 me
1324 1054 1576 1116 praesente
1602 1046 1779 1117 puella

524 1137 805 1208 Virgineos
831 1138 954 1209 agili
979 1139 1193 1192 duceret
1219 1141 1342 1191 orbe
1369 1139 1550 1191 choros
1573 1138 1584 1191 1

453 1230 587 1283 Tam
611 1239 755 1284 certo
779 1232 911 1301 pede
938 1240 1153 1301 tamque
1179 1232 1283 1284 levi
1310 1231 1462 1284 modo
1489 1241 1613 1283 nata
1638 1232 1909 1301 premebat

525 1323 793 1388 Gramina,
821 1345 1096 1395 purpureae
1121 1325 1246 1378 flore
1272 1325 1507 1378 revincta
1531 1344 1672 1377 rosae.

451 1415 533 1469 At
559 1416 766 1486 quoties
792 1417 931 1469 diam
956 1417 1238 1486 placuisset
1265 1418 1449 1471 tollere
1476 1437 1673 1481 vocem,

526 1510 702 1564 Sensit
727 1510 1050 1563 inassuetum
1075 1511 1266 1582 gaudia
1289 1512 1420 1564 mira
1444 1531 1631 1582 pecus:

450 1602 697 1656 Pastores
723 1611 972 1673 stupuere
993 1625 1006 1666 3
1047 1604 1170 1674 ipsae
1196 1612 1444 1674 stupuere
1474 1604 1766 1668 Camoenae3

522 1695 998 1766 Nympharumque
1023 1697 1164 1750 leves
1194 1698 1562 1767 Naiadumque
1589 1699 1745 1751 chori.

449 1860 701 1925 ArcadeS‚
729 1871 784 1914 at
810 1863 956 1915 vobis
983 1882 1099 1932 quae
1125 1884 1265 1917 nunc
1291 1865 1517 1917 errantia
1542 1866 1699 1918 ducat

522 1954 770 2026 Agmina,
800 1964 853 2008 et
879 1965 1108 2027 agrestes
1134 1957 1381 2027 praecinat
1408 1977 1495 2011 ore
1521 1959 1743 2011 modos?

448 2046 618 2118 Cujus
643 2067 740 2118 ope
767 2058 1022 2102 ornentur
1046 2049 1277 2113 thalami,
1308 2070 1473 2119 quum
1499 2051 1725 2104 concidit
1750 2051 1841 2104 illa

520 2141 743 2195 Arbitra
768 2161 884 2211 quae
909 2142 1071 2196 festos
1096 2144 1234 2196 rexit
1261 2153 1433 2197 amata
1458 2145 1566 2198 dies
1586 2146 1609 2198 Ρ

446 2234 703 2306 Rumpite
729 2236 992 2298 laetitiam3
1035 2237 1210 2290 tristes
1236 2238 1382 2290 dolor
1407 2247 1627 2309 occupet
1653 2259 1803 2310 agros
1824 2260 1836 2301 3

519 2327 628 2381 Pro
653 2329 857 2382 levibus
882 2339 1090 2383 resonet
1116 2330 1283 2383 naenia
1307 2341 1492 2384 moesta
1508 2332 1654 2401 jociS.

449 2420 703 2490 Undique
729 2422 879 2475 triste
904 2431 1117 2493 gemant
1142 2424 1338 2476 moestis
1365 2425 1584 2495 suspiria
1608 2426 1830 2496 campis3

521 2513 643 2567 Hoc
669 2515 867 2584 scopuli
894 2515 1094 2568 steriles
1116 2536 1128 2578 3
1170 2516 1268 2569 hoc
1293 2537 1476 2569 nemus
1503 2537 1654 2571 omne
1682 2527 1845 2571 sonet.

447 2679 682 2749 Vosque,
701 2681 825 2733 olim
844 2702 960 2735 mea
979 2703 1118 2745 cura,
1136 2703 1336 2754 greges,
1362 2704 1493 2753 quos
1519 2685 1762 2738 mollibus
1781 2686 1955 2740 herbis

520 2772 774 2825 Nostrum
803 2783 913 2827 erat
940 2783 993 2827 et
1020 2795 1180 2828 verna
1204 2796 1414 2846 pascere
1441 2777 1671 2841 luxurie3

447 2860 662 2936 Carpite
681 2867 792 2935 jam
818 2875 979 2930 rutas,
1009 2887 1138 2937 quas
1164 2869 1268 2921 fors
1295 2871 1552 2933 ostendat,
1581 2891 1796 2935 amaras,

518 2957 705 3028 Atque
732 2960 907 3029 apium
932 2960 1135 3024 foetens,
1164 2963 1622 3032 astrophelumque
1648 2985 1876 3036 gravem.

445 3050 595 3115 Inde,
624 3052 716 3105 ubi
741 3062 1011 3122 corruptos
1037 3064 1282 3124 rumpent
1307 3056 1443 3108 mala
1467 3057 1702 3127 gramina
1727 3067 1951 3121 ventres,

517 3143 742 3198 Incidite
768 3145 823 3196 in
850 3145 1053 3198 rabidos
1078 3147 1252 3216 praeda
1276 3157 1458 3218 parata
1483 3149 1647 3218 lupos,

446 3235 575 3289 Non
600 3256 697 3308 ego
724 3257 814 3290 vos
840 3238 1058 3301 doleam,
1086 3239 1235 3309 nigro
1262 3240 1304 3291 si
1329 3240 1544 3311 pinguia
1569 3241 1692 3294 tabo

518 3329 786 3400 Diripiant
812 3330 975 3384 avidae
1001 3350 1215 3401 corpora
1240 3341 1414 3386 vestra
1440 3335 1575 3386 ferae.
