2418 3944
710 449 1106 493 ANTHOLOGIA
1151 448 1525 490 OXONIENSIS.

1054 979 1193 1015 XXV.

777 1101 1094 1176 ἦβτορίηαῐίο
1132 1104 1198 1159 ah
1237 1100 1472 1160 Qteliam.

455 1289 805 1341 LUMINIBUS
834 1289 972 1359 prior
998 1289 1109 1360 ipsa
1135 1289 1256 1352 tuis,
1285 1309 1400 1342 mea
1427 1289 1553 1352 vita,
1582 1289 1842 1360 propines,

528 1400 616 1455 Sic
641 1400 870 1455 referent
895 1410 1071 1472 gratas
1097 1422 1218 1454 mox
1243 1422 1359 1455 mea
1384 1403 1484 1455 rite
1512 1403 1681 1465 vices3

456 1510 578 1565 Sive
604 1511 735 1564 libet
760 1511 919 1564 roseis
944 1520 1137 1582 paterae
1163 1511 1285 1564 dare
1311 1512 1455 1564 basia
1479 1512 1652 1574 labriS,

522 1620 790 1691 Imprime,
819 1630 873 1674 et
898 1622 997 1674 iste
1023 1641 1167 1674 mero
1192 1621 1391 1674 dulcior
1415 1622 1635 1674 haustus
1662 1621 1775 1674 erit.

452 1731 592 1785 Nam
616 1731 745 1783 mihi
770 1750 886 1800 quae
912 1731 1110 1784 dudum
1135 1731 1306 1785 fervet
1333 1732 1444 1784 sitis
1470 1751 1607 1803 aegra
1633 1732 1729 1784 sub
1756 1732 1861 1783 imo

524 1841 764 1903 Pectore,
794 1841 902 1894 sola
926 1841 1082 1894 desim
1110 1842 1225 1894 vult
1252 1842 1349 1894 sibi
1374 1842 1496 1895 vina
1521 1841 1645 1894 dari.

452 1952 658 2006 Verum
683 1938 796 2023 ego,
826 1961 878 2005 et
905 1953 1065 2023 ipsius
1091 1953 1324 2006 biberem
1350 1954 1392 2005 si
1417 1963 1598 2006 nectar
1625 1952 1859 2024 Olympi,

524 2065 565 2118 J
568 2085 775 2118 urarem
798 2065 896 2118 hoc
922 2065 1080 2118 labris
1105 2066 1454 2136 postposuisse
1481 2066 1600 2118 tuis.

452 2284 782 2356 Purpuream
808 2306 977 2356 nuper
1000 2286 1117 2338 misi
1143 2286 1257 2350 tibi,
1287 2306 1420 2349 cara,
1449 2287 1695 2340 corollam

524 2397 797 2468 (Parvula,
827 2407 880 2450 et
904 2397 1046 2450 haud
1070 2397 1270 2450 meritis
1296 2418 1514 2451 munera
1539 2398 1698 2469 digna
1722 2398 1882 2470 tuis);

453 2509 530 2562 Et
555 2509 666 2561 dixi
691 2508 955 2562 arridens:
1001 2516 1034 2539 ‘⁶
1062 2509 1303 2560 Dominae
1331 2509 1373 2560 si
1401 2509 1538 2562 forte
1564 2509 1809 2579 placebis,

526 2620 638 2673 Iste
663 2629 788 2672 tuus
814 2638 1100 2688 nunquam,
1129 2619 1297 2682 crede,
1325 2620 1516 2689 peribit
1542 2620 1715 2672 odor.”

457 2730 607 2798 Quae,
641 2731 795 2783 simul
821 2730 1021 2782 afflaras
1047 2730 1223 2783 divino
1249 2750 1315 2783 ex
1341 2750 1444 2792 ore,
1474 2739 1760 2783 trementes

528 2841 782 2895 Protinus
807 2842 862 2894 in
888 2851 1090 2895 nostras
1107 2842 1254 2911 jussa
1279 2841 1447 2894 redire
1474 2861 1673 2903 manus,

455 2949 497 3003 J
499 2969 581 3002 am
607 2950 875 3021 proprium
901 2950 1075 3002 subito
1100 2950 1266 3003 nescit
1292 2959 1496 3003 mutata
1522 2951 1777 3012 decorem,

528 3059 604 3112 Et
630 3069 755 3113 tuus
780 3080 844 3113 ex
871 3060 960 3113 illo
985 3069 1220 3131 tempore
1245 3061 1437 3114 mansit
1463 3061 1641 3114 honos,

1758 3170 1817 3201 W.
1837 3170 1875 3202 L.

1919 450 2062 504 453
