2418 3944
374 349 1736 376 s—q-—Qfflffi-

374 438 376 441 ’
460 444 545 487 256
819 415 821 417 ¹
901 448 1302 492 ANTHOLOGIA
1346 451 1722 496 oonIENs1s.

623 708 791 762 Totus
817 709 871 761 in
896 710 976 762 his
1001 710 1258 781 (animum
1286 712 1358 765 sic
1381 713 1518 766 ludit
1543 714 1778 767 amabilis
1804 715 1992 786 error,)

692 820 839 873 Dum
864 821 1010 892 legis,
1038 822 1136 874 hoc
1161 842 1384 893 praesens
1411 825 1612 895 aspicis,
1640 825 1773 878 illud
1797 827 1939 897 agis3

619 932 738 986 Nec
764 933 921 997 subit,
948 934 1004 986 in
1029 935 1212 988 mediis
1240 937 1506 1007 trepidum
1531 946 1585 990 te
1611 938 1769 1005 rebus
1794 939 2018 993 inertem

692 1043 783 1097 Ad
807 1046 1076 1116 proprium
1100 1047 1246 1100 molli
1270 1067 1397 1118 pace
1425 1049 1604 1103 sedere
1630 1049 1821 1103 focum.

1980 1160 2022 1192 B.

1237 1474 1297 1510 LI
1306 1475 1356 1511 V.

1140 1586 1450 1659 sztunus.

563 1736 893 1790 ARGOLICIS
914 1736 1211 1808 Phrygium
1237 1757 1513 1791 aversurus
1539 1738 1803 1809 puppibus
1828 1739 2005 1810 ignem

636 1847 793 1900 Tro'l‘a
821 1848 1103 1917 Neptunus
1129 1848 1309 1901 littora
1333 1848 1473 1902 adire
1498 1857 1662 1919 parat.

558 1956 790 2026 Jamque
817 1958 924 2011 alto
949 1958 1188 2012 invectus
1214 1978 1387 2022 curm,
1416 1967 1470 2012 et
1494 1959 1707 2012 molitus
1731 1959 1975 2023 habenam,

632 2067 739 2120 Per
765 2087 967 2120 summa
992 2069 1238 2139 aeripedes
1264 2089 1474 2139 aequora
1497 2070 1665 2123 flectit
1691 2089 1868 2139 equos.

555 2180 596 2233 J
599 2200 682 2232 am
708 2180 903 2233 circum
927 2181 1095 2234 insani
1121 2191 1457 2253 compescunt
1482 2183 1658 2253 praelia
1682 2184 1844 2247 venti,

628 2292 704 2345 Et
728 2293 931 2363 placida
955 2303 1076 2347 ante
1103 2314 1270 2347 sacras
1295 2294 1548 2347 sternitur
1573 2295 1713 2347 unda
1736 2304 1890 2349 rotas,

557 2404 696 2456 Tum
720 2405 911 2475 passim
935 2406 1130 2459 domini
1154 2406 1386 2460 adventu
1412 2406 1705 2460 exultantia
1729 2415 1844 2461 cete

628 2514 852 2569 Conscia
875 2515 1071 2568 laetitiae
1096 2517 1244 2587 signa
1268 2517 1455 2570 dedere
1482 2536 1601 2569 suae.

554 2625 821 2692 Quorsum
848 2627 975 2679 adeo
1000 2634 1339 2696 tempestates
1364 2627 1590 2680 siluere?
1628 2645 1852 2696 suasque

624 2736 830 2790 Pontus
855 2737 911 2788 in
936 2722 1143 2789 assueta
1166 2756 1292 2806 pace
1318 2737 1562 2807 repressit
1587 2739 1787 2806 aquas?

554 2847 765 2902 Scilicet
791 2867 1067 2918 agnoscere
1094 2847 1175 2900 sui
1200 2848 1474 2917 praesentia
1498 2848 1634 2919 regis

622 2960 859 3013 Numina
883 2960 1152 3030 compositi
1177 2960 1363 3012 caerula
1387 2969 1534 3012 vasta
1556 2960 1726 3013 maris.

549 3070 662 3123 Ista
686 3070 783 3123 sibi
809 3070 970 3141 signa,
1000 3081 1054 3122 et
1079 3089 1254 3122 rerum
1278 3069 1527 3122 miracula
1552 3070 1690 3123 solus

620 3180 733 3233 Ista
758 3180 854 3234 sibi
879 3179 1057 3234 oceani
1082 3179 1310 3233 vindicat
1336 3179 1458 3250 Ipse
1484 3181 1624 3233 deus,
