2418 3944
452 450 536 490 208

896 448 1290 491 ANTHOLOGIA
1335 447 1708 490 OXONIENSIS'.

544 719 598 772 N
600 720 711 784 olit,
739 740 917 773 amans
943 721 1147 783 luctus3
1189 729 1244 773 at
1270 721 1413 773 silvis
1439 721 1619 774 exulet
1652 721 1808 784 ultr0,

546 830 834 901 CompariS,
863 840 916 884 et
941 831 1068 895 nidi,
1095 831 1420 901 flammaeque
1447 832 1611 885 oblita
1634 832 1819 902 prioris
1841 832 1861 885 1

547 943 702 1007 Nam,
730 944 854 997 licet
878 944 988 996 haec
1012 944 1181 1015 rigeat
1206 944 1378 1015 gelido
1404 963 1697 1014 compressa
1721 953 1938 998 veterno

545 1055 774 1126 Lingua,
802 1075 899 1108 nec
923 1055 1017 1109 hos
1043 1075 1269 1125 praesens
1295 1055 1594 1108 moderetur
1620 1055 1834 1126 spiritus
1858 1064 2020 1118 artuS,

550 1164 712 1218 Parte
741 1175 917 1217 tamen
944 1165 1158 1219 meliore
1184 1165 1289 1219 mei
1315 1185 1472 1235 super
1498 1173 1638 1217 astra
1666 1174 1945 1236 superstes

545 1269 772 1332 Evehar,
800 1270 1070 1322 ordinibus
1097 1289 1202 1338 qua
1229 1269 1387 1323 Mens
1413 1269 1638 1339 ascripta
1669 1269 1836 1322 beatis

546 1381 724 1435 Gestit
752 1390 805 1434 et
830 1382 1035 1452 integro
1061 1381 1182 1435 vitae
1208 1381 1272 1434 de
1296 1381 1444 1434 fonte
1470 1380 1664 1452 rigatas

545 1493 847 1564 Purpureas
869 1494 1112 1563 quatiens
1137 1513 1351 1564 pennas,
1379 1493 1522 1546 videt
1541 1493 1685 1546 intus
1711 1501 1945 1563 apertam
2015 1496 2019 1498 ’

549 1603 772 1657 Conscia
798 1612 1041 1656 naturam
1067 1623 1259 1666 rerum,
1288 1622 1462 1671 neque
1488 1602 1676 1655 flebilis
1702 1610 1848 1655 arcto

549 1716 772 1768 AEstuat
793 1716 999 1769 externi
1023 1715 1267 1768 conclusa
1291 1714 1346 1766 in
1371 1714 1538 1767 limite
1565 1734 1746 1767 sensus
1766 1734 1780 1777 ;

549 1825 746 1896 Igneus
772 1825 894 1878 huic
921 1825 1116 1878 etenim
1143 1825 1307 1895 vigor,
1337 1833 1391 1877 et
1417 1824 1641 1877 coelestis
1672 1824 1835 1895 origo.

551 1935 783 1999 Credite,
811 1936 970 2007 digna
994 1944 1210 1988 manent
1237 1944 1442 1988 sanctos
1469 1935 1560 1987 ubi
1585 1935 1797 2004 praemia
1822 1954 2016 1997 manes,

550 2046 625 2099 Et
652 2047 834 2116 procul
861 2046 1076 2100 effracto
1102 2047 1259 2099 vivax
1280 2046 1420 2117 fugit
1445 2047 1632 2098 umbra
1658 2045 1910 2116 sepulcro,

548 2157 670 2226 Ipse
698 2157 816 2227 Ego
843 2166 1066 2210 secretas
1092 2157 1238 2210 sedes
1264 2166 1318 2209 et
1345 2157 1463 2209 laeta
1487 2156 1693 2226 piorum
1734 2180 1738 2183 ·

545 2267 696 2320 Rura
721 2269 903 2331 colam,
932 2287 1182 2337 serusque
1209 2268 1350 2321 leves
1375 2268 1521 2320 dolor
1546 2275 1705 2337 anget
1735 2266 2016 2320 Athenas.”

546 2378 708 2449 Ergo,
738 2379 829 2431 ubi
855 2379 1000 2431 nulla
1026 2399 1180 2431 morae
1205 2378 1451 2449 fingenda,
1477 2387 1557 2431 est
1583 2398 1765 2431 caussa
1785 2377 2065 2441 trahendae,

549 2491 664 2543 Nec
689 2491 812 2543 licet
839 2490 1078 2543 occiduos
1105 2498 1413 2560 exspectent
1439 2490 1644 2560 longius
1670 2489 1846 2560 ignes3

550 2602 688 2654 Tum
716 2601 877 2663 dolor,
906 2610 960 2653 et
986 2600 1151 2670 pietas
1176 2601 1413 2671 digressu
1438 2599 1578 2653 victa
1603 2619 1844 2669 supremo

553 2716 789 2771 Solvitur
814 2715 869 2766 in
894 2714 1177 2784 lacrymas:
1226 2733 1347 2765 nam
1379 2713 1469 2767 Sol
1493 2713 1728 2765 ruiturus
1754 2712 1901 2782 opaci

548 2830 682 2882 Post
700 2829 833 2899 juga
857 2827 1069 2880 delituit
1096 2825 1272 2888 Pindi,
1302 2844 1648 2894 croceumque
1675 2825 1846 2878 cubile

547 2941 674 2994 Jam
700 2938 893 3008 repetit
918 2956 1128 3007 pronus,
1158 2937 1337 2989 multis
1362 2937 1655 2998 rediturus3
1697 2936 1872 2989 ocellis

550 3051 727 3105 Unius
753 3048 851 3101 ahl
891 3068 1161 3117 nunquam
1188 3048 1402 3117 posthac
1427 3047 1720 3109 recliturus3
1762 3056 1816 3099 at
1843 3046 1931 3100 olli

550 3163 687 3216 Fixa
713 3161 847 3214 acies
873 3180 1007 3213 saevo
1034 3168 1207 3229 torpet
1233 3158 1482 3211 restincta
1508 3178 1725 3211 veneno.
