2418 3944
887 457 1284 501 ANTHOLOGIA
1327 457 1700 500 OXONIENSIS.

548 727 764 800 Surgite
780 762 852 770 —-
862 748 1003 781 nunc
1029 728 1189 781 etiam
1214 727 1378 781 vestri
1405 746 1588 780 secura
1610 706 1803 780 furoris

615 839 786 893 Exilit
813 860 841 892 e
867 838 1051 892 mediis
1076 838 1251 909 praeda
1274 838 1443 908 petita
1467 838 1650 909 plagis.

543 950 672 1015 Vos,
701 951 870 1015 Divae,
899 951 1149 1014 obtestor,
1178 969 1295 1020 quae
1320 949 1458 1003 caede
1484 957 1704 1002 cruenta
1726 949 1904 1002 mariti

610 1062 819 1116 Deveni
849 1061 1063 1133 Stygios
1088 1062 1274 1116 umbra
1298 1061 1576 1115 inhonesta
1599 1062 1744 1115 lacus
1763 1086 1778 1126 5

540 1172 645 1227 Cui
669 1192 844 1243 neque
871 1173 1043 1226 adhuc
1069 1173 1277 1227 sceleris
1301 1172 1448 1226 labes
1474 1172 1734 1236 exuritur,
1761 1172 1900 1242 ipsos

616 1283 723 1338 Sed
748 1284 989 1354 sequitur
1015 1285 1215 1338 cineres
1239 1304 1394 1355 poena
1417 1284 1718 1355 premitque
1742 1302 1902 1337 meos,

542 1396 717 1465 Atqui
743 1416 841 1467 ego
867 1396 1187 1450 adulterium
1213 1396 1462 1468 Phrygiae
1489 1416 1605 1449 sum
1629 1396 1829 1467 pellicis
1854 1396 2001 1460 ulta3

613 1508 748 1562 Ulta
773 1529 871 1580 ego
898 1529 1015 1562 sum
1038 1529 1234 1572 mancei,
1264 1508 1585 1581 Iphianassa‚
1613 1519 1749 1563 tuos,

537 1620 628 1673 Illi
653 1629 832 1674 autem
849 1652 917 1659 —
935 1620 1151 1691 aspicite
1176 1620 1275 1673 hoc
1299 1620 1556 1674 violatum
1581 1621 1802 1675 vulnere
1826 1631 2014 1692 pectus

616 1731 882 1804 Sacrilego
901 1765 974 1772 —-
994 1732 1201 1786 sceleris
1227 1732 1419 1785 sufficit
1444 1741 1629 1786 auctor
1653 1753 1819 1804 opem.

541 1842 753 1898 Scilicet
780 1852 834 1896 et
861 1843 1051 1896 Phoebi
1075 1843 1318 1913 auspiciis
1343 1862 1484 1895 nunc
1509 1843 1658 1896 irrita
1682 1844 1917 1897 vestrum

612 1954 863 2017 Numina,
891 1972 1034 2005 nunc
1058 1953 1240 2023 inopes
1265 1952 1434 2006 rideat
1459 1953 1550 2006 ille
1574 1953 1757 2007 minas·

539 2065 620 2119 At
644 2065 941 2119 meminisse
966 2065 1107 2127 licet,
1135 2064 1309 2117 tacitae
1336 2064 1434 2117 sub
1459 2072 1696 2134 tempore
1722 2064 1876 2128 lunae,

611 2177 694 2230 Ut
719 2177 956 2230 steterim
981 2177 1047 2229 ad
1072 2185 1274 2231 vestros
1298 2184 1483 2230 moesta
1508 2176 1771 2246 silensque
1796 2175 1939 2231 focos
1958 2196 1973 2241 3

536 2288 620 2341 Ut
644 2307 751 2340 non
776 2287 1016 2340 desierim
1041 2286 1340 2340 veneranda
1365 2306 1431 2339 ex
1457 2286 1635 2339 ordine
1663 2305 1807 2339 sacra

618 2399 851 2463 Solvere,
881 2399 1015 2451 nulli
1040 2399 1128 2451 alii
1154 2418 1300 2452 sacra
1325 2398 1497 2452 dicato
1523 2399 1655 2462 deo;

536 2514 620 2567 Ut
644 2514 725 2566 lac
749 2512 850 2565 rite
875 2531 1088 2574 novum,
1115 2511 1449 2582 gelidamque
1474 2530 1503 2563 e
1528 2510 1763 2564 fontibus
1788 2511 1999 2575 undam,

608 2624 860 2693 Puraque
885 2623 950 2676 de
975 2623 1143 2693 plenis
1167 2622 1389 2676 fundere
1414 2623 1571 2676 mella
1595 2622 1742 2676 favis

539 2735 719 2803 Quare
746 2734 903 2805 agite,
930 2734 1081 2798 illum
1106 2733 1183 2785 ira
1207 2733 1465 2803 furiisque
1492 2733 1704 2804 agitetis
1729 2733 1945 2798 acerbiS,

605 2848 686 2901 =Et
712 2847 918 2918 quatite
943 2846 1120 2900 ultrici
1145 2846 1252 2899 tela
1276 2845 1523 2915 facesque
1548 2864 1722 2897 manu.

538 2958 672 3026 Quae
696 2958 859 3012 tantis
883 2957 1084 3028 plectar
1108 2955 1290 3026 poenis,
1322 2954 1735 3026 Agamemnonis
1760 2972 1912 3017 uxor,

610 3068 738 3120 Non
763 3086 861 3137 ego
885 3066 1071 3129 inulta,
1101 3064 1246 3127 Deae,
1273 3073 1441 3117 mater
1469 3063 1689 3127 OrestiS,
1723 3082 1837 3116 eam
1859 3062 1908 3115 1'’
