2418 3944
778 451 863 495 AN
864 452 1173 494 THOLOGIA
1216 453 1588 495 OXONIENSIS.

1076 856 1332 892 LXXVIII.

566 1160 762 1212 ΠΕΤΡΑῙ
788 1157 1107 1224 διεστήκασι,
1137 1158 1433 1229 πορφυρέας
1456 1156 1497 1209 δ’
1525 1157 1626 1228 ὁρῶ

563 1268 720 1341 ὄχους
744 1267 804 1321 δι’
831 1269 1023 1340 ὄρφνης
1047 1268 1463 1340 ποικιλοπτέρων
1489 1268 1590 1320 ὑπὸ

564 1378 739 1432 ἵππων
763 1379 1026 1443 συθέντας,
1054 1379 1200 1451 οἵπερ
1226 1383 1278 1432 ἐν
1302 1380 1454 1451 τάχει
1478 1379 1651 1432 ποδῶν

559 1489 688 1554 βίαν
712 1491 917 1562 ἀφεγὙῆ
940 1491 1049 1558 λὰξ
1070 1494 1300 1544 πατοῦσι
1323 1491 1640 1558 πνευμάτων.

560 1604 649 1658 καὶ
671 1603 775 1673 μὴν
798 1604 1001 1674 ἑκάστῳ
1027 1603 1185 1657 δεινὸς
1209 1603 1550 1675 ἡνιοστρόφος

561 1718 806 1789 φοβεροῖς
829 1715 1040 1770 ἔπεστιν
1063 1717 1310 1785 ὄμμασιν,
1340 1720 1520 1784 νωμῶν
1545 1716 1731 1787 δρόμον
1746 1736 1756 1747 ·

560 1830 611 1884 οἱ
631 1831 726 1899 μὲν
749 1829 1190 1902 παλιντρόποισιν
1214 1829 1505 1901 ὀφθαλμῶν
1529 1829 1740 1882 κύκλοις

558 1942 763 2015 φεύνγειν
787 1942 998 1997 δοκοῦσι
1021 1943 1335 2014 προσβολὰς
1356 1941 1634 2015 Ἐρινύων,-

557 2051 681 2106 ἀλλ’
708 2052 768 2107 οὔ
790 2075 851 2122 «γε
872 2052 975 2122 μὴν
999 2053 1207 2125 μορφήν
1231 2052 1324 2106 τιν’
1351 2052 1562 2124 εἰσορᾶν
1587 2051 1691 2125 ἔχω

555 2162 701 2230 πλὴν
723 2162 758 2231 ἢ
783 2162 850 2217 τὰ
874 2163 1100 2235 λαμπρὰ
1125 2162 1373 2235 διατόρων
1396 2162 1605 2234 ἄστρων
1628 2162 1790 2228 βέλη·

555 2274 673 2330 τοὺς
697 2274 741 2328 δ’
765 2275 1012 2348 ἐμπύροις
1035 2276 1128 2343 μὲν
1152 2275 1469 2347 ἀστρόφοισι
1494 2272 1536 2328 δ’
1563 2276 1795 2343 ὄμμασιν

553 2387 655 2460 ὁρῶ
679 2391 983 2459 προνωπεῖς,
1013 2387 1238 2456 στόματι
1262 2386 1508 2440 πίνοντας
1532 2387 1722 2460 λάβρῳ

547 2497 721 2551 ἀὑτῶν
743 2500 797 2551 ἐν
820 2497 952 2568 ὁρμῇ
977 2498 1421 2571 ξυνταραχθείσας
1445 2498 1623 2561 πνοάς,

551 2607 828 2681 φεύεγοντος
851 2609 976 2662 ὡσεὶ
1000 2613 1092 2663 τοῦ
1115 2610 1331 2678 μάλιστ’
1358 2610 1608 2681 ἐρωμένου

550 2717 716 2792 ἔχοιεν
738 2718 835 2787 ἤδη
862 2721 1153 2788 ξυλλαβεῖν
1177 2720 1409 2794 ἄπριγδα
1434 2720 1510 2787 δή.

549 2830 835 2910 μακραὶιδί
862 2832 1024 2904 αὔρας
1047 2836 1214 2886 πᾶσιν
1238 2833 1515 2886 αἴσσονται
1540 2831 1696 2900 κόμαι

549 2943 824 3016 πύρροισιν
847 2943 1055 3016 ἄστρων
1077 2944 1462 3019 βοστρύχοισιν
1484 2949 1718 3017 ἐμφερεῖς
1736 2965 1747 2976 ·

548 3054 679 3127 ὁρμῇ
704 3053 746 3108 δ’
773 3055 997 3110 ἅπαντες
1020 3054 1105 3110 ὧδ’
1130 3056 1422 3125 ἐπεύγονται
1448 3058 1557 3129 μιᾷ.

1785 3149 1838 3180 w.
1860 3149 1897 3180 Β.
1916 3149 1947 3180 J.

1750 3572 1843 3596 *KR
