2418 3944
854 442 1254 484 ANTHOLOGIA
1299 442 1676 484 OXONIENSIS.

1178 689 1416 725 XXXVII,

1202 774 1377 842 zona.

664 901 775 944 Said
793 906 832 944 to
851 901 899 943 be
915 902 981 943 the
1002 900 1085 943 last
1104 914 1245 943 verses
1264 903 1430 943 written
1451 901 1502 958 by
1525 900 1650 944 Lord
1677 900 1909 957 Wellesley.

867 1014 968 1058 Fies
990 1013 1205 1057 nobilium
1226 1021 1279 1058 tu
1300 1029 1480 1073 quoque
1502 1014 1706 1058 fontium.

867 1085 1079 1129 Fontium
1101 1085 1180 1143 qui
1201 1086 1316 1130 celat
1337 1085 1540 1144 origines.

678 1202 728 1257 O
755 1219 904 1256 FONS
930 1203 1141 1256 salutis!
1179 1203 1319 1257 vita!
1360 1203 1489 1256 fides
1515 1203 1663 1257 mea!

679 1314 1017 1367 Tumultuosi
1043 1314 1136 1383 qui
1160 1314 1298 1366 mala
1322 1314 1544 1384 pectoris

756 1424 1074 1495 Compescis,
1104 1433 1157 1478 et
1184 1424 1351 1478 morbi
1377 1423 1581 1478 furores

822 1529 1108 1592 Attenuas,
1136 1529 1353 1582 saliente
1379 1528 1626 1600 lympha3

679 1640 851 1692 Musis
879 1640 1040 1693 sodali
1066 1639 1164 1692 sub
1194 1638 1496 1693 Camerario

682 1752 910 1804 Praestes
935 1751 1192 1804 novellam
1225 1750 1506 1804 Castaliam
1533 1750 1692 1812 mihi3

758 1861 1081 1931 Salvumque
1108 1861 1313 1913 dilectis
1339 1861 1517 1913 amicis

827 1974 1119 2035 RestitueS,
1149 1973 1455 2042 animosque
1482 1972 1679 2025 reddes,

686 2084 918 2154 Sparsim
943 2093 1169 2137 remotas
1197 2083 1375 2136 condis
1401 2083 1629 2153 origines

679 2196 891 2248 Arcana
915 2214 1091 2247 rerum
1119 2194 1315 2256 subter,
1345 2202 1398 2246 et
1424 2193 1634 2246 abditus

754 2305 1033 2357 Nascentis
1059 2305 1123 2357 ad
1148 2314 1299 2356 terrae
1325 2323 1573 2366 recessus,

823 2414 1222 2484 Primigenique
1250 2414 1511 2467 elementa
1535 2413 1743 2465 mundi:

683 2526 844 2579 Unde
871 2546 997 2579 ausa
1021 2526 1076 2577 in
1103 2545 1253 2578 auras
1282 2526 1359 2578 Te
1385 2526 1609 2587 trahere,
1639 2533 1692 2578 et
1717 2525 1860 2578 leves

683 2637 910 2689 Miscere
937 2636 1091 2689 docta
1114 2636 1395 2707 particulas
1420 2656 1581 2688 manu

753 2747 955 2803 Cohors
979 2748 1302 2811 medentum,
1331 2757 1392 2800 ut
1418 2748 1561 2800 rivus
1587 2747 1700 2800 orbi

829 2860 1061 2912 Mirifica
1084 2860 1214 2912 fluat
1241 2868 1426 2912 auctus
1452 2868 1580 2912 arte.

682 2969 929 3041 Agnosce
957 2970 1134 3022 Patris
1160 2970 1410 3023 munera!
1451 2989 1609 3038 quem
1639 2970 1815 3022 Deum

683 3081 957 3151 Agnoscit,
986 3080 1127 3132 omni
1152 3088 1300 3150 parte
1326 3080 1495 3149 operis
1521 3079 1618 3142 sui,

757 3191 847 3244 Ad
873 3191 992 3244 solis
1017 3210 1227 3243 occasus
1254 3198 1307 3243 et
1333 3199 1496 3252 ortus,

828 3299 1007 3362 Terra,
1035 3318 1193 3362 mare,
1221 3298 1612 3367 aethereumque
1640 3298 1842 3351 coelum.

1738 3392 1840 3433 Aug.
1859 3391 1912 3423 22.
1930 3390 2029 3423 1342.
