2418 3944
453 443 539 483 300
896 441 1291 483 ANTHOLOGIA
1335 441 1706 483 OXONIENSIS.

1247 958 1396 995 XVII.

909 1089 1006 1150 &a
1033 1089 1216 1149 ’flotus
1245 1089 1508 1146 tnnheniat
1537 1085 1714 1146 lotam,

1257 1219 1379 1257 ΛΝΒ.

494 1331 680 1384 DISCE
706 1349 921 1394 memor,
950 1349 1067 1400 quae
1093 1338 1237 1383 certa
1261 1329 1443 1383 colunt
1468 1337 1730 1400 praeeepta
1753 1330 1929 1400 periti,

573 1442 630 1497 Si
655 1443 734 1496 vis
761 1441 1118 1512 squamigeros
1143 1441 1478 1511 pascere'rite
1504 1460 1706 1512 greges.

495 1555 703 1626 Aptum
729 1554 947 1624 exquire
972 1554 1162 1616 locum,
1190 1552 1459 1623 imprimis,
1486 1553 1579 1605 ubi
1604 1553 1750 1606 fonte
1775 1552 2074 1623 propinquo

565 1668 800 1731 Defluat,
829 1675 883 1720 et
908 1686 1100 1737 purum
1124 1674 1324 1719 recreet
1348 1666 1489 1718 unda
1514 1666 1700 1719 laeum.

497 1781 723 1851 Quaque
748 1780 879 1834 levis
906 1788 1070 1832 strato
1096 1778 1338 1831 sublucet
1362 1778 1539 1848 glarea
1562 1777 1743 1840 funde,

565 1895 642 1947 Et
668 1894 800 1947 vada
826 1913 931 1963 qua
954 1891 1150 1945 teneris
1175 1889 1376 1942 lusibus
1402 1898 1525 1960 apta
1548 1897 1748 1960 patent.

495 2005 634 2058 Tum
660 2002 927 2056 solidanda
950 2001 1116 2072 magis
1139 2001 1298 2053 tellus
1322 2001 1434 2071 ipsa
1458 1999 1592 2053 ostia
1607 2001 1781 2069 juxta,

568 2116 692 2183 Qua
714 2123 927 2186 portum
953 2113 1149 2167 emissis
1173 2113 1422 2167 fluetibus
1447 2132 1557 2165 esse
1582 2112 1710 2165 velis
1731 2132 1742 2163 :

493 2230 569 2283 Et
595 2229 791 2283 validas
817 2228 978 2299 infige
1005 2228 1174 2291 sudes,
1204 2246 1334 2297 quas
1361 2226 1587 2279 maxima
1613 2245 1852 2295 quereuS,

570 2341 718 2409 Quas
745 2340 890 2393 dabit
915 2339 1094 2393 accisis
1119 2339 1358 2393 fraxinus
1386 2339 1512 2393 orba
1536 2339 1709 2392 comis.

499 2451 661 2504 Absit
686 2449 883 2521 grande
909 2468 1110 2512 nemus,
1139 2449 1208 2502 sit
1233 2458 1443 2503 tantum
1470 2450 1670 2503 consita
1686 2451 1845 2519 juxta

572 2563 766 2626 Alnus,
796 2570 850 2615 et
875 2562 1095 2614 herboso
1120 2562 1176 2614 in
1200 2562 1436 2632 margine
1462 2580 1579 2613 rara
1604 2560 1763 2612 salix:

498 2675 573 2728 Et
597 2674 811 2727 latebrae
836 2681 1057 2743 prosunt
1083 2691 1228 2725 eaeeae
1254 2673 1351 2725 sub
1377 2672 1575 2724 fornice
1600 2671 1741 2740 ripae,

573 2784 697 2852 Qua
721 2784 896 2855 gelida
921 2783 1159 2836 aestivum
1184 2782 1393 2853 mitiget
1417 2781 1604 2834 umbra
1628 2780 1779 2832 diem.

499 2897 602 2949 His
628 2896 840 2949 demum
866 2915 933 2948 ex
959 2894 1095 2947 euris
1119 2893 1272 2947 variae
1298 2892 1396 2945 tibi
1422 2892 1570 2961 eopia
1594 2910 1766 2954 eoenae,

571 3007 647 3059 Et
672 3005 864 3059 mensis
890 3005 1112 3058 aderunt
1137 3003 1337 3057 fereula
1361 3003 1507 3055 lauta
1531 3001 1650 3054 tuis.
