2418 3944
484 452 570 499 242
926 458 1321 500 ANTHOLOGIA
1364 458 1734 500 OXONIENSIS.
2255 361 2260 583 1

1260 867 1407 904 XLII.

893 998 1014 1055 ΕΙΣ
1054 1000 1328 1052 ΘΩΜΑΝ
1369 1001 1772 1062 ΒΟΔΛΕΙΟΝ,
1833 992 1835 994 ’

1028 1153 1185 1187 ῙΠΠΕΑ
1213 1151 1643 1196 ΕΠῙΦΑΝΕΣΤΑΤΟΝ,

507 1304 553 1348 ὃς
592 1303 673 1351 τήν
706 1302 750 1342 ἐν
790 1300 950 1356 Ὀξονίᾳ
994 1301 1271 1353 Βιβλιοθήκην
1299 1302 1596 1352 ἀνασκευάσας,
1639 1302 1705 1341 καὶ
1746 1301 1939 1353 αὐξήσας,
1975 1301 2153 1353 βίβλους

914 1379 1087 1433 ἀριθμοῦ
1109 1381 1314 1432 κρείττους
1335 1379 1390 1426 εἰς
1410 1381 1545 1428 αὐτὴν
1568 1378 1749 1429 ἀνέθηκε.

654 1551 770 1601 ΤΟΝ
795 1549 960 1617 μένγαν
984 1548 1223 1602 ἐνταυθοῖ
1242 1547 1403 1621 μικρὰ
1429 1547 1564 1602 κόνις
1588 1547 1981 1620 ἀμφικαλύπτει

726 1660 922 1711 ΘΩΜΑΝ
949 1660 1238 1722 ΒΟΔΛΕΙΟΝ,
1266 1659 1354 1712 τὸν
1377 1654 1676 1730 μακάρεσσι
1700 1657 1870 1730 φίλον.

650 1769 895 1825 παιδόθεν
920 1769 975 1824 ὃς
998 1770 1211 1841 μεγάλῳ
1237 1770 1426 1842 σοφίης
1448 1771 1807 1839 βεβολημένος
1831 1748 2037 1844 οἴστρῳ,

723 1881 900 1936 οὔποθ’
927 1884 1023 1935 ἑῶν
1048 1882 1271 1936 κτεάνων
1296 1882 1531 1953 φείσατο,
1561 1884 1620 1937 οὐ
1645 1883 1903 1951 καμάτων.

650 1993 738 2046 καὶ
763 1992 824 2059 δὴ
842 1992 1217 2065 λαμπρότατον
1242 1993 1568 2062 κατανγώνγιον
1591 1993 1867 2064 Ὀξονίῃσι

723 2104 957 2159 Μοίσαις
981 2105 1068 2159 καὶ
1094 2106 1340 2159 Μοισέων
1365 2105 1661 2174 δειμάμενος
1684 2105 1987 2178 προπόλοις,

652 2216 762 2270 εἶτα
785 2217 1001 2282 βίβλων
1023 2217 1243 2285 ’γεμίσας
1267 2218 1326 2285 ἐξ
1346 2217 1589 2283 ἀντολίης
1615 2216 1807 2271 δύσεώς
1832 2239 1888 2270 τε

722 2326 1060 2394 παντοδαπῆς
1083 2327 1335 2395 «γλώττης,
1364 2327 1702 2395 παντοδαπῆς
1727 2327 1875 2391 ἰδέας,

652 2437 925 2507 κηδόμενος
948 2439 1158 2492 πάντων
1184 2438 1447 2511 θησαυρὸν
1471 2437 1613 2492 τόνδ’·
1630 2439 1844 2505 ἀνέθηκε

723 2553 905 2613 πᾶσιν,
934 2553 1040 2602 τοῖς
1065 2548 1257 2620 σοφίας
1282 2548 1407 2620 ἔρτγα
1431 2549 1831 2622 μετερχομένοις.

654 2659 728 2714 δῖε
750 2659 913 2732 γέρον,
942 2659 1011 2712 σὺ
1036 2658 1090 2712 δὲ
1112 2663 1165 2713 ἐν
1191 2659 1315 2714 Διὸς
1340 2658 1425 2723 ὤν,
1447 2660 1784 2732 εὐερνγεσιάων

726 2776 814 2825 νῦν
839 2771 1052 2843 ἀπέχεις
1075 2770 1281 2838 μισθόν,
1308 2771 1385 2843 χά
1409 2771 1565 2843 χάρις
1590 2771 1682 2824 οὐκ
1706 2770 1909 2843 ἄχαρις.

653 2883 843 2952 οὔνομα
865 2882 967 2954 «γὰρ
992 2882 1331 2954 περίπυστον,
1361 2881 1434 2935 ἰδὲ
1458 2883 1608 2936 κλέος
1636 2882 1978 2955 οὐρανόμηκες

726 2997 783 3047 ἐκ
808 2993 1068 3057 Μοισέων,
1096 2994 1306 3047 πάντων
1330 2993 1373 3047 τ’
1400 2994 1529 3066 ᾔραο
1553 2994 1914 3062 μουσοπόλων.

861 3118 876 3149 Ι
887 3126 1056 3150 sancus
1081 3117 1108 3149 C
1118 3116 1262 3149 asaub
1273 3126 1394 3149 onus
1417 3118 1638 3150 scrssbebam
1653 3118 1694 3150 in
1710 3119 1858 3159 mclyta
1870 3118 2081 3151 Academia

1018 3177 1291 3217 Oxoniensi,et
1306 3178 1349 3209 in
1363 3178 1447 3218 ipsa
1462 3178 1703 3211 Blbhotheca
1723 3179 1940 3211 Bodleiana.
