2418 3944
685 420 1035 462 ANTHOLOGI
1038 420 1079 461 A
1123 419 1495 460 OXONIENSIS.

1042 685 1146 720 VII.

907 790 1027 850 Uis
1067 790 1304 852 &mutia

350 922 652 986 FORMOSA,
681 932 734 976 et
761 923 995 993 simpleX‚
1025 933 1078 976 et
1104 923 1276 977 nescia
1300 922 1496 976 fraudis
1524 923 1713 977 Ianthe

422 1014 622 1068 Militia
645 1015 748 1068 tiro
777 1015 991 1067 Marcus
1021 1015 1233 1068 Amoris
1261 1024 1389 1069 erat.

349 1107 573 1161 Pectore
598 1127 703 1161 non
728 1108 843 1161 illos
868 1108 1085 1178 placido,
1113 1109 1360 1162 morbove
1386 1120 1638 1171 carenteS‚

423 1201 742 1256 Communes
767 1211 1009 1272 poterant
1035 1203 1350 1256 continuisse
1378 1203 1559 1256 Lares.

350 1292 641 1349 Coenabant
666 1314 804 1346 una:
847 1294 983 1346 socia
1007 1294 1190 1347 solatia
1207 1314 1387 1347 mensa

423 1384 712 1439 Consessus
737 1385 936 1438 miseris
960 1394 1022 1437 ut
1047 1385 1200 1437 nimis
1226 1395 1348 1455 apta
1373 1385 1529 1438 dabat
1551 1385 1562 1438 Σ

348 1476 547 1530 Mutua
570 1486 852 1530 nocturnos
876 1477 1198 1530 renovabant
1224 1477 1422 1530 somnia
1446 1478 1617 1540 fletus,

421 1569 624 1623 Vicinis
652 1569 858 1638 quoties
883 1568 1209 1639 procubuere
1235 1569 1378 1622 toris·

349 1753 514 1806 Nullo
538 1773 643 1806 non
667 1753 891 1823 gliscens
918 1753 1114 1805 animos
1141 1753 1331 1806 insedit
1358 1753 1490 1816 Εοο,

422 1845 586 1898 Nullo
612 1865 717 1898 non
741 1845 964 1916 gliscens
991 1864 1206 1914 vespere
1234 1845 1399 1898 crevit
1426 1864 1583 1897 amor.

349 1938 554 2001 HortiS,
593 1957 731 2001 rure,
772 1937 942 2000 dom0,
984 1956 1302 2006 quocunque
1341 1937 1565 2000 incedat,
1604 1937 1819 1990 Ianthes

422 2031 532 2086 Ora
557 2032 700 2085 videt
726 2032 912 2094 solum,
942 2032 1050 2085 sola
1075 2041 1314 2095 venusta,
1342 2052 1488 2103 puer.
1699 2027 1703 2029 “

351 2125 467 2178 Nec
492 2143 780 2188 nemorum,
810 2123 1015 2176 assidua
1040 2125 1190 2194 pueri
1215 2144 1319 2194 prae
1345 2144 1488 2185 voce,
1516 2125 1703 2194 puellae

422 2218 686 2280 Murmur,
715 2217 780 2270 ab
807 2217 1013 2270 occulto
1039 2237 1137 2270 nec
1162 2218 1334 2288 placet
1360 2238 1511 2271 amne
1537 2218 1715 2271 melos

349 2310 525 2364 Unius
549 2310 662 2381 ipsa
685 2310 862 2381 chelys
887 2331 1077 2364 nomen
1103 2311 1200 2364 scit
1226 2311 1458 2374 reddere,
1487 2311 1649 2364 telam

423 2402 599 2456 Unius
625 2402 873 2456 infectam
898 2403 1107 2456 nomine
1132 2403 1306 2474 perdit
1333 2423 1470 2456 acus,

350 2586 497 2641 Ante
523 2588 686 2658 oculis
711 2587 971 2641 dominam
998 2588 1199 2641 dederit
1226 2607 1386 2657 quam
1404 2589 1583 2657 janua,
1612 2597 1755 2640 mota

423 2680 524 2733 Ille
550 2700 664 2734 sera
687 2690 923 2734 teneram
950 2681 1110 2733 sentit
1136 2681 1314 2734 adesse
1340 2701 1554 2732 manum
1574 2701 1587 2743 ;

350 2757 672 2826 Etveneres·
692 2781 818 2826 nota
842 2773 1024 2843 procul
1050 2773 1312 2843 excepisse
1338 2773 1584 2835 fenestra,

426 2863 702 2932 Quantum
727 2864 914 2933 aquilae
939 2864 1158 2916 tendant
1183 2864 1382 2916 lumina
1406 2865 1567 2926 nulla,
1595 2871 1781 2933 potest.

354 2955 602 3026 Vesperis
639 2955 924 3008 adventum
962 2975 1234 3024 nunquam
1270 2975 1376 3008 non
1414 2965 1603 3018 servat,
1641 2954 1845 3008 eosdem

426 3046 594 3100 Versa
619 3046 760 3116 quod
786 3046 851 3098 ad
876 3047 1028 3099 coelos
1054 3066 1144 3100 ora
1167 3047 1424 3117 precantis
1452 3056 1621 3099 erunt.

354 3138 430 3190 Et
454 3138 707 3191 desiderio
732 3148 910 3191 noctes
936 3138 1061 3191 terit
1087 3158 1238 3209 aeger,
1267 3147 1451 3191 amatae

430 3230 631 3284 Audiat
657 3240 718 3284 ut
744 3240 962 3293 motum,
991 3231 1096 3284 sole
1124 3231 1339 3294 oriente,
1368 3231 1567 3301 pedem.

1703 3321 1744 3352 c.
1766 3321 1798 3353 s,

1892 395 2031 462 15¹
