2418 3944
703 430 1097 473 ANTHOLOGIA
1144 424 1518 472 OXONIENSIS.
1905 432 1960 473 63

1015 779 1196 815 XXXV.

659 889 731 947 lin
757 887 1063 949 OEumulum
1088 886 1302 965 ⁴{fstceliss
1327 888 1551 947 Noenia.

401 1080 539 1148 QUA
563 1089 658 1133 tua
682 1099 824 1133 nunc
847 1079 1021 1151 gelida
1044 1079 1294 1150 pallentia
1319 1087 1503 1141 morte,
1533 1076 1747 1140 Fidelis,

470 1192 667 1245 Pulcra
691 1191 789 1244 sub
814 1190 1035 1244 herboso
1062 1190 1257 1260 cespite
1283 1188 1518 1242 membra
1535 1190 1731 1258 jacent,

394 1299 763 1368 Ruricolaeque
789 1298 944 1351 simul
968 1298 1118 1368 pueri
1143 1307 1439 1366 teneraeque
1465 1296 1653 1367 puellae

471 1407 625 1462 Serta
648 1407 848 1460 dabunt
873 1407 1090 1460 memori
1115 1426 1248 1477 saepe
1274 1406 1488 1459 ferenda
1510 1426 1684 1458 manu.

394 1521 522 1574 Flos
547 1520 703 1574 inerit
728 1539 959 1584 nascenS,
989 1520 1081 1590 qui
1107 1539 1161 1572 se
1186 1519 1327 1590 prior
1353 1519 1595 1589 explicat,
1624 1518 1806 1581 omnis,

472 1631 728 1701 Quotque
752 1650 949 1684 novum
974 1630 1135 1701 spirat
1162 1630 1276 1684 Ver
1300 1630 1570 1700 rapientur
1595 1649 1732 1700 opes.

399 1854 523 1908 Non
547 1862 797 1925 poterunt
824 1854 1044 1924 querula
1069 1854 1348 1907 stridentes
1374 1874 1500 1907 voce
1526 1873 1620 1924 per
1645 1873 1796 1906 auras

471 1965 594 2019 Hoc
618 1965 880 2036 placidum
905 1984 1084 2018 manes
1110 1965 1389 2019 sollicitare
1415 1985 1599 2018 nemus
1620 1986 1633 2028 3

396 2080 621 2133 Rustica
645 2080 736 2132 sed
759 2080 924 2150 pubes
949 2079 1193 2142 venient3
1233 2078 1555 2148 timidusque
1580 2079 1779 2150 pudicae

470 2189 709 2261 Virginis
734 2188 819 2242 hic
843 2189 989 2242 molli
1014 2208 1068 2241 se
1095 2189 1208 2242 vice
1233 2189 1419 2259 prodet
1445 2208 1602 2245 amon

397 2405 564 2459 Arida
587 2425 694 2459 non
725 2404 939 2477 Stygios
964 2403 1177 2457 audebit
1203 2422 1326 2475 saga
1350 2403 1627 2467 tumultUS,

470 2517 595 2571 Non
619 2517 879 2570 Lemures
904 2516 1041 2568 diros
1067 2523 1222 2568 nocte
1248 2515 1383 2568 ciere
1408 2515 1591 2568 choros
1610 2535 1624 2578 3

399 2630 543 2686 Cura
567 2631 660 2684 sed
682 2630 921 2684 innocuis
945 2629 1055 2682 haec
1079 2628 1210 2681 fient
1235 2647 1428 2698 pascua
1455 2627 1735 2698 Nymphis,

470 2742 554 2796 Ut
579 2742 694 2807 tibi,
723 2762 830 2813 qua
852 2742 1062 2814 tegeriS,
1090 2758 1329 2811 gemmea
1352 2748 1493 2793 roret
1518 2740 1723 2792 humus·

397 2965 621 3019 Pectore
647 2965 711 3018 de
736 2965 896 3018 rubro
922 2965 1008 3018 cui
1032 2984 1223 3018 nomen
1250 2965 1485 3018 amabilis
1510 2965 1617 3018 ales

471 3073 623 3145 Saepe
648 3074 765 3145 pius
792 3083 1006 3128 tenuem
1031 3095 1245 3146 vespere
1263 3077 1455 3147 junget
1482 3095 1650 3146 opem,

398 3185 646 3239 Floribus
671 3195 733 3239 ut
758 3186 909 3239 lectis
936 3195 990 3240 et
1015 3187 1133 3240 cani
1158 3188 1351 3241 vellere
1376 3187 1543 3240 musci

473 3295 732 3351 Conciliet
756 3297 963 3350 tumulo
991 3297 1134 3366 quod
1157 3298 1280 3351 licet
1306 3298 1415 3370 ipse
1442 3298 1613 3350 decus.
