<?xml version="1.0" encoding="UTF-8"?>
<!DOCTYPE html PUBLIC "-//W3C//DTD XHTML 1.0 Transitional//EN"
    "http://www.w3.org/TR/xhtml1/DTD/xhtml1-transitional.dtd">
<html xmlns="http://www.w3.org/1999/xhtml" xml:lang="en" lang="en">
 <head>
  <title>
</title>
<meta http-equiv="Content-Type" content="text/html;charset=utf-8" />
  <meta name='ocr-system' content='tesseract 3.04.00' />
  <meta name='ocr-capabilities' content='ocr_page ocr_carea ocr_par ocr_line ocrx_word'/>
</head>
<body>
  <div class='ocr_page' id='page_1' title='image "./anthologiaoxonie00linwuoft_0047.png"; bbox 0 0 2418 3944; ppageno 0'>
   <div class='ocr_carea' id='block_1_1' title="bbox 1781 347 2007 351">
    <p class='ocr_par' dir='ltr' id='par_1_1' title="bbox 1781 347 2007 351">
     <span class='ocr_line' id='line_1_1' title="bbox 1781 347 2007 351; baseline 0 0"><span class='ocrx_word' id='word_1_1' title='bbox 1781 347 2007 351; x_wconf 95' lang='lat' dir='ltr'> </span> 
     </span>
    </p>
   </div>
   <div class='ocr_carea' id='block_1_2' title="bbox 661 437 1472 480">
    <p class='ocr_par' dir='ltr' id='par_1_2' title="bbox 661 437 1472 480">
     <span class='ocr_line' id='line_1_2' title="bbox 661 437 1472 480; baseline 0 -2"><span class='ocrx_word' id='word_1_2' title='bbox 661 437 1055 480; x_wconf 85' lang='lat' dir='ltr'><strong>ANTHOLOGIA</strong></span> <span class='ocrx_word' id='word_1_3' title='bbox 1097 437 1472 479; x_wconf 85' lang='lat' dir='ltr'>OXONIENSIS.</span> 
     </span>
    </p>
   </div>
   <div class='ocr_carea' id='block_1_3' title="bbox 842 698 1300 868">
    <p class='ocr_par' dir='ltr' id='par_1_3' title="bbox 842 698 1300 868">
     <span class='ocr_line' id='line_1_3' title="bbox 1054 698 1109 735; baseline 0.018 -1"><span class='ocrx_word' id='word_1_4' title='bbox 1054 698 1109 735; x_wconf 85' lang='lat' dir='ltr'>X.</span> 
     </span>
     <span class='ocr_line' id='line_1_4' title="bbox 842 791 1300 868; baseline 0.002 -21"><span class='ocrx_word' id='word_1_5' title='bbox 842 792 1057 868; x_wconf 61' lang='lat' dir='ltr'>gjunoea</span> <span class='ocrx_word' id='word_1_6' title='bbox 1085 791 1300 863; x_wconf 76' lang='lat' dir='ltr'>captiba.</span> 
     </span>
    </p>
   </div>
   <div class='ocr_carea' id='block_1_4' title="bbox 317 941 1735 2349">
    <p class='ocr_par' dir='ltr' id='par_1_4' title="bbox 319 941 1596 1124">
     <span class='ocr_line' id='line_1_5' title="bbox 319 941 1596 1013; baseline -0.001 -19"><span class='ocrx_word' id='word_1_7' title='bbox 319 941 672 996; x_wconf 84' lang='lat' dir='ltr'><strong>EUP11RAT1S</strong></span> <span class='ocrx_word' id='word_1_8' title='bbox 698 943 821 1013; x_wconf 84' lang='lat' dir='ltr'>ripae</span> <span class='ocrx_word' id='word_1_9' title='bbox 847 942 1083 1005; x_wconf 77' lang='lat' dir='ltr'>acclines,</span> <span class='ocrx_word' id='word_1_10' title='bbox 1112 941 1220 1005; x_wconf 87' lang='lat' dir='ltr'>ubi,</span> <span class='ocrx_word' id='word_1_11' title='bbox 1247 942 1414 994; x_wconf 86' lang='lat' dir='ltr'>limite</span> <span class='ocrx_word' id='word_1_12' title='bbox 1439 941 1596 1013; x_wconf 82' lang='lat' dir='ltr'>longo</span> 
     </span>
     <span class='ocr_line' id='line_1_6' title="bbox 393 1052 1511 1124; baseline 0 -19"><span class='ocrx_word' id='word_1_13' title='bbox 393 1053 660 1117; x_wconf 83' lang='lat' dir='ltr'>Porrecta,</span> <span class='ocrx_word' id='word_1_14' title='bbox 692 1052 922 1124; x_wconf 83' lang='lat' dir='ltr'>Assyriae</span> <span class='ocrx_word' id='word_1_15' title='bbox 948 1053 1119 1105; x_wconf 82' lang='lat' dir='ltr'>tristia</span> <span class='ocrx_word' id='word_1_16' title='bbox 1143 1053 1287 1105; x_wconf 77' lang='lat' dir='ltr'>culta</span> <span class='ocrx_word' id='word_1_17' title='bbox 1310 1060 1511 1123; x_wconf 85' lang='lat' dir='ltr'>patent,</span> 
     </span>
    </p>

    <p class='ocr_par' dir='ltr' id='par_1_5' title="bbox 322 1163 1696 1346">
     <span class='ocr_line' id='line_1_7' title="bbox 322 1163 1696 1235; baseline 0.001 -19"><span class='ocrx_word' id='word_1_18' title='bbox 322 1163 588 1217; x_wconf 84' lang='lat' dir='ltr'>Amissam</span> <span class='ocrx_word' id='word_1_19' title='bbox 612 1185 867 1218; x_wconf 83' lang='lat' dir='ltr'>memores</span> <span class='ocrx_word' id='word_1_20' title='bbox 892 1165 1131 1235; x_wconf 85' lang='lat' dir='ltr'>patriam,</span> <span class='ocrx_word' id='word_1_21' title='bbox 1159 1173 1505 1235; x_wconf 84' lang='lat' dir='ltr'>sanctumque</span> <span class='ocrx_word' id='word_1_22' title='bbox 1537 1164 1696 1219; x_wconf 88' lang='lat' dir='ltr'>Siona</span> 
     </span>
     <span class='ocr_line' id='line_1_8' title="bbox 393 1276 1546 1346; baseline 0 -18"><span class='ocrx_word' id='word_1_23' title='bbox 393 1276 441 1328; x_wconf 88' lang='lat' dir='ltr'><strong>F</strong></span> <span class='ocrx_word' id='word_1_24' title='bbox 444 1276 681 1339; x_wconf 82' lang='lat' dir='ltr'>levimus,</span> <span class='ocrx_word' id='word_1_25' title='bbox 711 1285 765 1328; x_wconf 85' lang='lat' dir='ltr'>et</span> <span class='ocrx_word' id='word_1_26' title='bbox 791 1276 980 1328; x_wconf 80' lang='lat' dir='ltr'>summi</span> <span class='ocrx_word' id='word_1_27' title='bbox 1005 1276 1180 1328; x_wconf 83' lang='lat' dir='ltr'>diruta</span> <span class='ocrx_word' id='word_1_28' title='bbox 1204 1277 1403 1346; x_wconf 87' lang='lat' dir='ltr'>templa</span> <span class='ocrx_word' id='word_1_29' title='bbox 1426 1276 1546 1329; x_wconf 84' lang='lat' dir='ltr'>Dei.</span> 
     </span>
    </p>

    <p class='ocr_par' dir='ltr' id='par_1_6' title="bbox 321 1387 1711 1571">
     <span class='ocr_line' id='line_1_9' title="bbox 321 1387 1711 1457; baseline 0 -17"><span class='ocrx_word' id='word_1_30' title='bbox 321 1387 402 1440; x_wconf 87' lang='lat' dir='ltr'>At</span> <span class='ocrx_word' id='word_1_31' title='bbox 429 1408 535 1457; x_wconf 88' lang='lat' dir='ltr'>qua</span> <span class='ocrx_word' id='word_1_32' title='bbox 559 1396 745 1440; x_wconf 81' lang='lat' dir='ltr'>moesta</span> <span class='ocrx_word' id='word_1_33' title='bbox 769 1388 899 1440; x_wconf 79' lang='lat' dir='ltr'>salix</span> <span class='ocrx_word' id='word_1_34' title='bbox 926 1388 1147 1442; x_wconf 82' lang='lat' dir='ltr'>invisam</span> <span class='ocrx_word' id='word_1_35' title='bbox 1173 1387 1430 1440; x_wconf 83' lang='lat' dir='ltr'>offuderat</span> <span class='ocrx_word' id='word_1_36' title='bbox 1455 1388 1711 1452; x_wconf 82' lang='lat' dir='ltr'>umbram,</span> 
     </span>
     <span class='ocr_line' id='line_1_10' title="bbox 393 1482 1499 1571; baseline 0.001 -19"><span class='ocrx_word' id='word_1_37' title='bbox 393 1482 707 1553; x_wconf 86' lang='lat' dir='ltr'>Pendebant</span> <span class='ocrx_word' id='word_1_38' title='bbox 732 1501 919 1563; x_wconf 85' lang='lat' dir='ltr'>tacitae,</span> <span class='ocrx_word' id='word_1_39' title='bbox 946 1500 1166 1571; x_wconf 83' lang='lat' dir='ltr'>pristina</span> <span class='ocrx_word' id='word_1_40' title='bbox 1190 1520 1329 1563; x_wconf 88' lang='lat' dir='ltr'>cura,</span> <span class='ocrx_word' id='word_1_41' title='bbox 1357 1501 1499 1571; x_wconf 87' lang='lat' dir='ltr'><strong>lyrae.</strong></span> 
     </span>
    </p>

    <p class='ocr_par' dir='ltr' id='par_1_7' title="bbox 325 1610 1568 1793">
     <span class='ocr_line' id='line_1_11' title="bbox 325 1610 1568 1682; baseline -0.002 -17"><span class='ocrx_word' id='word_1_42' title='bbox 325 1611 474 1682; x_wconf 82' lang='lat' dir='ltr'>Saepe</span> <span class='ocrx_word' id='word_1_43' title='bbox 500 1610 607 1663; x_wconf 88' lang='lat' dir='ltr'>illic</span> <span class='ocrx_word' id='word_1_44' title='bbox 637 1610 863 1682; x_wconf 82' lang='lat' dir='ltr'>Solymae</span> <span class='ocrx_word' id='word_1_45' title='bbox 890 1630 1080 1663; x_wconf 83' lang='lat' dir='ltr'>eversae</span> <span class='ocrx_word' id='word_1_46' title='bbox 1106 1611 1315 1681; x_wconf 89' lang='lat' dir='ltr'>captiva</span> <span class='ocrx_word' id='word_1_47' title='bbox 1337 1630 1568 1682; x_wconf 82' lang='lat' dir='ltr'>propago</span> 
     </span>
     <span class='ocr_line' id='line_1_12' title="bbox 395 1719 1500 1793; baseline 0 -19"><span class='ocrx_word' id='word_1_48' title='bbox 395 1721 567 1793; x_wconf 86' lang='lat' dir='ltr'><strong>Impia</strong></span> <span class='ocrx_word' id='word_1_49' title='bbox 592 1722 804 1775; x_wconf 83' lang='lat' dir='ltr'>victoris</span> <span class='ocrx_word' id='word_1_50' title='bbox 829 1722 1019 1792; x_wconf 84' lang='lat' dir='ltr'>probra</span> <span class='ocrx_word' id='word_1_51' title='bbox 1041 1722 1321 1792; x_wconf 81' lang='lat' dir='ltr'>minasque</span> <span class='ocrx_word' id='word_1_52' title='bbox 1340 1719 1467 1774; x_wconf 81' lang='lat' dir='ltr'>tulit</span> <span class='ocrx_word' id='word_1_53' title='bbox 1484 1742 1500 1774; x_wconf 75' lang='lat' dir='ltr'><em>z</em></span> 
     </span>
    </p>

    <p class='ocr_par' dir='ltr' id='par_1_8' title="bbox 324 1833 1585 2015">
     <span class='ocr_line' id='line_1_13' title="bbox 324 1833 1585 1905; baseline -0.002 -17"><span class='ocrx_word' id='word_1_54' title='bbox 324 1834 472 1905; x_wconf 86' lang='lat' dir='ltr'>Saepe</span> <span class='ocrx_word' id='word_1_55' title='bbox 497 1833 619 1898; x_wconf 87' lang='lat' dir='ltr'>illic,</span> <span class='ocrx_word' id='word_1_56' title='bbox 647 1854 862 1904; x_wconf 85' lang='lat' dir='ltr'>pompas</span> <span class='ocrx_word' id='word_1_57' title='bbox 887 1834 1025 1886; x_wconf 87' lang='lat' dir='ltr'>inter</span> <span class='ocrx_word' id='word_1_58' title='bbox 1050 1834 1292 1903; x_wconf 84' lang='lat' dir='ltr'>ritusque</span> <span class='ocrx_word' id='word_1_59' title='bbox 1316 1833 1585 1897; x_wconf 82' lang='lat' dir='ltr'>nefandos,</span> 
     </span>
     <span class='ocr_line' id='line_1_14' title="bbox 392 1943 1505 2015; baseline -0.001 -19"><span class='ocrx_word' id='word_1_60' title='bbox 392 1943 680 2015; x_wconf 83' lang='lat' dir='ltr'><strong>Ingemuit,</strong></span> <span class='ocrx_word' id='word_1_61' title='bbox 708 1944 904 2014; x_wconf 82' lang='lat' dir='ltr'>patrios</span> <span class='ocrx_word' id='word_1_62' title='bbox 921 1946 1068 2014; x_wconf 81' lang='lat' dir='ltr'>jussa</span> <span class='ocrx_word' id='word_1_63' title='bbox 1092 1945 1284 1996; x_wconf 87' lang='lat' dir='ltr'>referre</span> <span class='ocrx_word' id='word_1_64' title='bbox 1309 1943 1505 1995; x_wconf 78' lang='lat' dir='ltr'>modOS.</span> 
     </span>
    </p>

    <p class='ocr_par' dir='ltr' id='par_1_9' title="bbox 318 2053 1493 2237">
     <span class='ocr_line' id='line_1_15' title="bbox 318 2053 1493 2126; baseline -0.001 -19"><span class='ocrx_word' id='word_1_65' title='bbox 318 2054 531 2126; x_wconf 85' lang='lat' dir='ltr'>Ergone</span> <span class='ocrx_word' id='word_1_66' title='bbox 557 2055 795 2107; x_wconf 82' lang='lat' dir='ltr'>solennes</span> <span class='ocrx_word' id='word_1_67' title='bbox 820 2055 968 2126; x_wconf 83' lang='lat' dir='ltr'>virgo</span> <span class='ocrx_word' id='word_1_68' title='bbox 1000 2053 1257 2124; x_wconf 86' lang='lat' dir='ltr'>Solymaea</span> <span class='ocrx_word' id='word_1_69' title='bbox 1282 2054 1493 2106; x_wconf 81' lang='lat' dir='ltr'><strong>choreas</strong></span> 
     </span>
     <span class='ocr_line' id='line_1_16' title="bbox 394 2165 1464 2237; baseline -0.002 -17"><span class='ocrx_word' id='word_1_70' title='bbox 394 2165 621 2237; x_wconf 86' lang='lat' dir='ltr'>Captiva</span> <span class='ocrx_word' id='word_1_71' title='bbox 646 2175 699 2219; x_wconf 86' lang='lat' dir='ltr'>et</span> <span class='ocrx_word' id='word_1_72' title='bbox 724 2167 905 2237; x_wconf 80' lang='lat' dir='ltr'>patriis</span> <span class='ocrx_word' id='word_1_73' title='bbox 930 2166 1123 2219; x_wconf 82' lang='lat' dir='ltr'>finibus</span> <span class='ocrx_word' id='word_1_74' title='bbox 1150 2166 1275 2218; x_wconf 83' lang='lat' dir='ltr'>exul</span> <span class='ocrx_word' id='word_1_75' title='bbox 1300 2167 1464 2237; x_wconf 82' lang='lat' dir='ltr'>agat?</span> 
     </span>
    </p>

    <p class='ocr_par' dir='ltr' id='par_1_10' title="bbox 317 2277 1735 2349">
     <span class='ocr_line' id='line_1_17' title="bbox 317 2277 1735 2349; baseline -0.002 -18"><span class='ocrx_word' id='word_1_76' title='bbox 317 2277 463 2349; x_wconf 86' lang='lat' dir='ltr'>Ergo</span> <span class='ocrx_word' id='word_1_77' title='bbox 490 2287 544 2331; x_wconf 87' lang='lat' dir='ltr'>et</span> <span class='ocrx_word' id='word_1_78' title='bbox 568 2297 710 2331; x_wconf 90' lang='lat' dir='ltr'>nunc</span> <span class='ocrx_word' id='word_1_79' title='bbox 734 2278 945 2349; x_wconf 87' lang='lat' dir='ltr'>poterit,</span> <span class='ocrx_word' id='word_1_80' title='bbox 974 2278 1265 2348; x_wconf 83' lang='lat' dir='ltr'>Babylonis</span> <span class='ocrx_word' id='word_1_81' title='bbox 1290 2277 1482 2331; x_wconf 77' lang='lat' dir='ltr'>moenia</span> <span class='ocrx_word' id='word_1_82' title='bbox 1506 2285 1735 2347; x_wconf 86' lang='lat' dir='ltr'>propter,</span> 
     </span>
    </p>
   </div>
   <div class='ocr_carea' id='block_1_5' title="bbox 393 2389 1350 2462">
    <p class='ocr_par' dir='ltr' id='par_1_11' title="bbox 393 2389 1350 2462">
     <span class='ocr_line' id='line_1_18' title="bbox 393 2389 1350 2462; baseline -0.003 -17"><span class='ocrx_word' id='word_1_83' title='bbox 393 2389 551 2445; x_wconf 88' lang='lat' dir='ltr'>Sacra</span> <span class='ocrx_word' id='word_1_84' title='bbox 576 2391 826 2444; x_wconf 86' lang='lat' dir='ltr'>Davideae</span> <span class='ocrx_word' id='word_1_85' title='bbox 851 2400 1068 2462; x_wconf 83' lang='lat' dir='ltr'>tangere</span> <span class='ocrx_word' id='word_1_86' title='bbox 1093 2391 1182 2443; x_wconf 87' lang='lat' dir='ltr'>fila</span> <span class='ocrx_word' id='word_1_87' title='bbox 1208 2391 1350 2461; x_wconf 85' lang='lat' dir='ltr'>lyrae,</span> 
     </span>
    </p>
   </div>
   <div class='ocr_carea' id='block_1_6' title="bbox 320 2487 1923 2573">
    <p class='ocr_par' dir='ltr' id='par_1_12' title="bbox 320 2487 1923 2573">
     <span class='ocr_line' id='line_1_19' title="bbox 320 2487 1923 2573; baseline -0.004 -17"><span class='ocrx_word' id='word_1_88' title='bbox 320 2502 444 2571; x_wconf 79' lang='lat' dir='ltr'>Qua</span> <span class='ocrx_word' id='word_1_89' title='bbox 474 2503 630 2567; x_wconf 82' lang='lat' dir='ltr'>Siloa,</span> <span class='ocrx_word' id='word_1_90' title='bbox 659 2504 903 2573; x_wconf 83' lang='lat' dir='ltr'>altusque</span> <span class='ocrx_word' id='word_1_91' title='bbox 933 2503 1189 2567; x_wconf 82' lang='lat' dir='ltr'><strong>Hermon,</strong></span> <span class='ocrx_word' id='word_1_92' title='bbox 1218 2503 1565 2571; x_wconf 82' lang='lat' dir='ltr'>Libanusque</span> <span class='ocrx_word' id='word_1_93' title='bbox 1592 2499 1862 2562; x_wconf 83' lang='lat' dir='ltr'>sonabant,</span> <span class='ocrx_word' id='word_1_94' title='bbox 1921 2487 1923 2490; x_wconf 69' lang='lat'>,</span> 
     </span>
    </p>
   </div>
   <div class='ocr_carea' id='block_1_7' title="bbox 320 2612 1795 3129">
    <p class='ocr_par' dir='ltr' id='par_1_13' title="bbox 393 2612 1626 2685">
     <span class='ocr_line' id='line_1_20' title="bbox 393 2612 1626 2685; baseline -0.002 -18"><span class='ocrx_word' id='word_1_95' title='bbox 393 2615 757 2685; x_wconf 81' lang='lat' dir='ltr'>Praesentique</span> <span class='ocrx_word' id='word_1_96' title='bbox 785 2615 959 2667; x_wconf 81' lang='lat' dir='ltr'>Patris</span> <span class='ocrx_word' id='word_1_97' title='bbox 987 2615 1202 2667; x_wconf 86' lang='lat' dir='ltr'>numine</span> <span class='ocrx_word' id='word_1_98' title='bbox 1227 2614 1385 2685; x_wconf 86' lang='lat' dir='ltr'>plena</span> <span class='ocrx_word' id='word_1_99' title='bbox 1413 2612 1626 2667; x_wconf 84' lang='lat' dir='ltr'>Salem?</span> 
     </span>
    </p>

    <p class='ocr_par' dir='ltr' id='par_1_14' title="bbox 321 2725 1795 2910">
     <span class='ocr_line' id='line_1_21' title="bbox 321 2725 1795 2804; baseline -0.005 -21"><span class='ocrx_word' id='word_1_100' title='bbox 321 2727 459 2783; x_wconf 88' lang='lat' dir='ltr'>Cara</span> <span class='ocrx_word' id='word_1_101' title='bbox 488 2727 679 2804; x_wconf 81' lang='lat' dir='ltr'>Salem,</span> <span class='ocrx_word' id='word_1_102' title='bbox 708 2748 1052 2799; x_wconf 81' lang='lat' dir='ltr'>quascunque</span> <span class='ocrx_word' id='word_1_103' title='bbox 1077 2729 1214 2780; x_wconf 87' lang='lat' dir='ltr'>ferar</span> <span class='ocrx_word' id='word_1_104' title='bbox 1239 2747 1406 2798; x_wconf 84' lang='lat' dir='ltr'>vagus</span> <span class='ocrx_word' id='word_1_105' title='bbox 1434 2726 1559 2779; x_wconf 84' lang='lat' dir='ltr'>exul</span> <span class='ocrx_word' id='word_1_106' title='bbox 1584 2725 1639 2777; x_wconf 90' lang='lat' dir='ltr'>in</span> <span class='ocrx_word' id='word_1_107' title='bbox 1665 2744 1795 2788; x_wconf 84' lang='lat' dir='ltr'>oras,</span> 
     </span>
     <span class='ocr_line' id='line_1_22' title="bbox 392 2838 1540 2910; baseline -0.001 -18"><span class='ocrx_word' id='word_1_108' title='bbox 392 2839 687 2909; x_wconf 81' lang='lat' dir='ltr'>Ecquando</span> <span class='ocrx_word' id='word_1_109' title='bbox 711 2840 904 2910; x_wconf 81' lang='lat' dir='ltr'>possim</span> <span class='ocrx_word' id='word_1_110' title='bbox 929 2859 1035 2892; x_wconf 94' lang='lat' dir='ltr'>non</span> <span class='ocrx_word' id='word_1_111' title='bbox 1060 2859 1262 2892; x_wconf 81' lang='lat' dir='ltr'>memor</span> <span class='ocrx_word' id='word_1_112' title='bbox 1284 2858 1395 2892; x_wconf 78' lang='lat' dir='ltr'>esse</span> <span class='ocrx_word' id='word_1_113' title='bbox 1421 2838 1540 2891; x_wconf 83' lang='lat' dir='ltr'>tui?</span> 
     </span>
    </p>

    <p class='ocr_par' dir='ltr' id='par_1_15' title="bbox 320 2949 1698 3129">
     <span class='ocr_line' id='line_1_23' title="bbox 320 2949 1523 3020; baseline -0.003 -17"><span class='ocrx_word' id='word_1_114' title='bbox 320 2950 401 3003; x_wconf 88' lang='lat' dir='ltr'>At</span> <span class='ocrx_word' id='word_1_115' title='bbox 426 2950 554 3002; x_wconf 90' lang='lat' dir='ltr'>mihi</span> <span class='ocrx_word' id='word_1_116' title='bbox 579 2950 751 3003; x_wconf 86' lang='lat' dir='ltr'>defixa</span> <span class='ocrx_word' id='word_1_117' title='bbox 776 2950 1103 3003; x_wconf 82' lang='lat' dir='ltr'>obmutescat</span> <span class='ocrx_word' id='word_1_118' title='bbox 1127 2949 1309 3020; x_wconf 83' lang='lat' dir='ltr'>lingua</span> <span class='ocrx_word' id='word_1_119' title='bbox 1332 2949 1523 3018; x_wconf 83' lang='lat' dir='ltr'>palatO,</span> 
     </span>
     <span class='ocr_line' id='line_1_24' title="bbox 393 3060 1698 3129; baseline -0.002 -16"><span class='ocrx_word' id='word_1_120' title='bbox 393 3060 473 3113; x_wconf 79' lang='lat' dir='ltr'>At</span> <span class='ocrx_word' id='word_1_121' title='bbox 498 3060 764 3124; x_wconf 86' lang='lat' dir='ltr'>citharam,</span> <span class='ocrx_word' id='word_1_122' title='bbox 793 3069 848 3113; x_wconf 85' lang='lat' dir='ltr'>et</span> <span class='ocrx_word' id='word_1_123' title='bbox 873 3061 1085 3113; x_wconf 83' lang='lat' dir='ltr'>solitum</span> <span class='ocrx_word' id='word_1_124' title='bbox 1111 3060 1296 3112; x_wconf 87' lang='lat' dir='ltr'>dextra</span> <span class='ocrx_word' id='word_1_125' title='bbox 1320 3068 1527 3112; x_wconf 80' lang='lat' dir='ltr'>recuset</span> <span class='ocrx_word' id='word_1_126' title='bbox 1553 3075 1698 3129; x_wconf 85' lang='lat' dir='ltr'>opus,</span> 
     </span>
    </p>
   </div>
   <div class='ocr_carea' id='block_1_8' title="bbox 323 3169 1664 3239">
    <p class='ocr_par' dir='ltr' id='par_1_16' title="bbox 323 3169 1664 3239">
     <span class='ocr_line' id='line_1_25' title="bbox 323 3169 1664 3239; baseline -0.003 -15"><span class='ocrx_word' id='word_1_127' title='bbox 323 3171 381 3226; x_wconf 86' lang='lat' dir='ltr'>Si</span> <span class='ocrx_word' id='word_1_128' title='bbox 405 3179 637 3224; x_wconf 82' lang='lat' dir='ltr'>mentem</span> <span class='ocrx_word' id='word_1_129' title='bbox 661 3191 767 3224; x_wconf 91' lang='lat' dir='ltr'>non</span> <span class='ocrx_word' id='word_1_130' title='bbox 792 3191 899 3224; x_wconf 89' lang='lat' dir='ltr'>una</span> <span class='ocrx_word' id='word_1_131' title='bbox 922 3190 1094 3223; x_wconf 89' lang='lat' dir='ltr'>meam</span> <span class='ocrx_word' id='word_1_132' title='bbox 1117 3179 1213 3223; x_wconf 87' lang='lat' dir='ltr'>tua</span> <span class='ocrx_word' id='word_1_133' title='bbox 1235 3178 1451 3239; x_wconf 82' lang='lat' dir='ltr'>torquet,</span> <span class='ocrx_word' id='word_1_134' title='bbox 1477 3169 1664 3239; x_wconf 82' lang='lat' dir='ltr'>imago,</span> 
     </span>
    </p>
   </div>
   <div class='ocr_carea' id='block_1_9' title="bbox 393 3290 1475 3360">
    <p class='ocr_par' dir='ltr' id='par_1_17' title="bbox 393 3290 1475 3360">
     <span class='ocr_line' id='line_1_26' title="bbox 393 3290 1475 3360; baseline -0.006 -14"><span class='ocrx_word' id='word_1_135' title='bbox 393 3293 520 3346; x_wconf 90' lang='lat' dir='ltr'>Una</span> <span class='ocrx_word' id='word_1_136' title='bbox 549 3291 737 3355; x_wconf 86' lang='lat' dir='ltr'>Salem,</span> <span class='ocrx_word' id='word_1_137' title='bbox 764 3292 939 3344; x_wconf 84' lang='lat' dir='ltr'>luctus</span> <span class='ocrx_word' id='word_1_138' title='bbox 965 3290 1263 3360; x_wconf 80' lang='lat' dir='ltr'>laetitiaeque</span> <span class='ocrx_word' id='word_1_139' title='bbox 1290 3308 1475 3343; x_wconf 81' lang='lat' dir='ltr'>comes.</span> 
     </span>
    </p>
   </div>
   <div class='ocr_carea' id='block_1_10' title="bbox 1867 442 1921 483">
    <p class='ocr_par' dir='ltr' id='par_1_18' title="bbox 1867 442 1921 483">
     <span class='ocr_line' id='line_1_27' title="bbox 1867 442 1921 483; baseline 0.019 -1"><span class='ocrx_word' id='word_1_140' title='bbox 1867 442 1921 483; x_wconf 82' lang='lat'>21</span> 
     </span>
    </p>
   </div>
   <div class='ocr_carea' id='block_1_11' title="bbox 1301 3522 2000 3529">
    <p class='ocr_par' dir='ltr' id='par_1_19' title="bbox 1301 3522 2000 3529">
     <span class='ocr_line' id='line_1_28' title="bbox 1301 3522 2000 3529; baseline 0 0"><span class='ocrx_word' id='word_1_141' title='bbox 1301 3522 2000 3529; x_wconf 95' lang='lat' dir='ltr'> </span> 
     </span>
    </p>
   </div>
   <div class='ocr_carea' id='block_1_12' title="bbox 292 3530 1072 3534">
    <p class='ocr_par' dir='ltr' id='par_1_20' title="bbox 292 3530 1072 3534">
     <span class='ocr_line' id='line_1_29' title="bbox 292 3530 1072 3534; baseline 0 0"><span class='ocrx_word' id='word_1_142' title='bbox 292 3530 1072 3534; x_wconf 95' lang='lat' dir='ltr'> </span> 
     </span>
    </p>
   </div>
   <div class='ocr_carea' id='block_1_13' title="bbox 2005 2068 2014 3349">
    <p class='ocr_par' dir='ltr' id='par_1_21' title="bbox 2005 2068 2014 3349">
     <span class='ocr_line' id='line_1_30' title="bbox 2005 2068 2014 3349; baseline 0 0"><span class='ocrx_word' id='word_1_143' title='bbox 2005 2068 2014 3349; x_wconf 95' lang='lat' dir='ltr'> </span> 
     </span>
    </p>
   </div>
  </div>
 </body>
</html>
