2418 3944
918 462 1003 502 AD
1047 461 1380 503 LECTOREM.
1920 444 1987 503 ix

319 692 559 777 facilius
643 701 735 751 est
814 691 892 751 ad
961 691 1444 751 mediocritatem
1530 690 1836 770 quandam
1917 692 1981 749 in

323 813 547 876 Graecis
597 814 929 894 pervenire,
992 835 1174 893 quam
1230 813 1610 873 Latinarum·
1635 815 1982 874 litterarum

319 956 461 995 vere
519 934 787 1014 peritum
844 955 987 993 esse.
1078 933 1378 1014 Equidem
1434 934 1629 994 Vereri
1691 934 1850 993 soleo
1906 956 1982 994 ne

322 1053 575 1114 Latinas
614 1054 900 1129 amisisse,
935 1052 1173 1115 Graecas
1202 1053 1475 1113 nondum
1506 1053 1785 1113 didicisse
1819 1050 2007 1114 vide—⁹

320 1195 515 1233 amur.

404 1294 479 1354 In
507 1303 640 1354 toto
670 1316 848 1374 opere
879 1294 1192 1354 condendo
1220 1294 1377 1353 hanc
1405 1295 1601 1375 legem
1625 1294 1983 1354 servandam

320 1415 491 1491 duxi,
525 1424 596 1475 ut
625 1414 780 1473 nihil
819 1414 1205 1475 admitterem
1244 1414 1409 1495 quod
1445 1414 1676 1474 non‘ad
1704 1424 1984 1475 veterum

320 1547 641 1618 poetarum
699 1558 975 1596 normam
1020 1547 1305 1597 exactum
1354 1538 1526 1612 foret,
1588 1547 1648 1597 et
1692 1559 1825 1597 eam
1862 1547 1982 1598 tra·
2016 1614 2021 1622 .

320 1669 516 1720 ctaret
558 1659 878 1719 materiam
922 1680 1056 1739 quae
1099 1659 1346 1718 illorum
1391 1660 1550 1741 stylo
1588 1660 1734 1719 satis
1773 1681 1984 1720 conve-

318 1780 497 1840 niret.
577 1779 779 1861 Igitur
797 1779 1072 1861 hymnos,
1094 1801 1245 1859 quos
1276 1789 1512 1863 vocant,
1534 1780 1982 1856 ecclesiasticos,

319 1898 756 1959 monachorum
814 1899 1152 1981 rhythmOS,
1192 1910 1252 1960 et
1289 1910 1506 1978 caetera
1548 1900 1985 1980 ejusdemmodi

320 2019 701 2081 excludenda
745 2020 952 2079 censui
987 2043 1000 2078 z
1045 2021 1574 2100 persuasissimum
1602 2022 1764 2081 enim
1792 2022 1984 2082 habeo

321 2161 456 2220 quae
501 2140 567 2198 in
617 2139 727 2199 tali
772 2160 992 2220 genere
1043 2140 1223 2200 scribi
1272 2140 1481 2215 solent,
1528 2126 1798 2200 numeris
1843 2162 1983 2201 Vere

321 2260 545 2324 Graecis
568 2271 628 2321 et
661 2261 897 2321 Latinis
927 2261 1174 2321 minime
1204 2262 1643 2322 accommodari
1672 2285 1861 2343 posse.

404 2382 581 2458 Quod
626 2384 755 2463 ipse
797 2405 992 2464 pauca
1041 2393 1287 2444 tantum
1330 2385 1404 2444 de
1452 2406 1580 2445 meo
1625 2386 1824 2462 attuli,
1871 2385 1983 2445 hoc

320 2506 623 2586 praecipue
658 2506 722 2564 in
767 2527 978 2565 caussa
1006 2506 1142 2581 fuit,
1175 2506 1340 2586 quod
1383 2528 1517 2586 quae
1557 2507 1702 2566 olim
1743 2509 1985 2567 nonnisi

327 2627 472 2709 styli
536 2626 793 2686 acuendi
849 2627 1048 2708 gratia
1096 2627 1363 2702 luserim,
1438 2628 1724 2708 pleraque
1783 2630 1984 2688 omnia

319 2749 419 2809 vel
449 2770 593 2808 casu
622 2749 721 2818 vel
763 2758 1033 2829 tempore
1072 2750 1467 2810 intercidere:
1514 2772 1623 2810 nec
1667 2751 1785 2811 alia
1826 2772 1983 2811 nova

319 2866 386 2928 in
415 2891 625 2930 eorum
653 2871 855 2930 locum
887 2872 1255 2932 substituere
1293 2873 1358 2931 in
1398 2874 1599 2932 animo
1642 2874 1793 2933 fuit:
1842 2895 1983 2932 nam

323 2996 357 3024 “
378 2990 718 3067 Carmina,’'
751 3001 823 3051 ut
854 2993 940 3052 ait
967 2990 1241 3069 Ovidius,
1284 2998 1633 3054 “secessum
1668 2994 1982 3054 scribentis

321 3122 381 3173 et
411 3114 536 3173 otia
565 3115 907 3193 quaerunt.''

406 3233 585 3293 Paene
648 3234 1146 3315 indignabundus
1204 3236 1428 3311 audivi,
1488 3237 1761 3296 libellum
1822 3236 1985 3295 hunc

322 3363 604 3414 nostrum
647 3377 715 3414 eo
760 3357 1008 3416 consilio
1037 3358 1345 3417 nonnullis
1389 3359 1741 3418 institutum
1773 3357 1982 3433 videri,

2088 3283 2091 3333 ρ

2088 3357 2092 3452 i
