2418 3944
741 452 1133 494 ANTHOLOGIA
1176 451 1546 493 OXONIENSIS.
1910 456 1990 498 149

395 723 634 795 Apparet
659 724 784 776 ratis
810 743 1109 795 exsurgens,
1138 731 1463 792 rostrataque
1489 742 1641 794 prora

396 835 504 890 Per
527 836 722 889 medias
749 836 1018 905 equitabat
1045 855 1206 905 aquas
1227 856 1239 899 3
1282 836 1382 888 alia
1410 836 1582 889 omnia
1606 836 1770 889 vincit

395 946 637 1010 Fluctus,
666 955 719 1000 et
743 947 1031 999 humanum
1056 946 1266 1011 fastum,
1294 967 1354 999 ae
1378 946 1616 1000 mortalia
1640 955 1796 1010 tecta,

397 1058 634 1127 Torquet
659 1059 732 1112 ibi
758 1059 966 1129 penitus
993 1067 1228 1128 correpta
1253 1058 1349 1111 sub
1376 1077 1582 1127 aequore
1603 1078 1616 1120 3
1656 1066 1848 1128 pontus

396 1172 647 1227 Volvitur
671 1173 727 1225 in
752 1182 988 1243 pontum,
1016 1173 1231 1226 deerant
1258 1191 1469 1242 quoque
1494 1172 1674 1226 littora
1698 1180 1858 1243 ponto
1880 1192 1893 1235 3

394 1284 728 1356 Regalesque
754 1284 930 1338 domos
956 1284 1108 1347 inter,
1138 1284 1388 1359 sedesque
1415 1284 1662 1355 superbas

395 1396 664 1459 Luxuriae,
691 1396 862 1467 pelagi
886 1405 1131 1459 monstra,
1160 1405 1319 1465 atque
1344 1396 1589 1448 immania
1614 1404 1727 1449 oete

395 1505 686 1576 Exponunt
710 1505 899 1566 foetus3
939 1514 1191 1574 tantaque
1218 1526 1245 1559 e
1272 1505 1430 1576 stirpe
1456 1505 1637 1559 relicta

397 1616 452 1669 N
454 1616 574 1669 abat
600 1616 655 1668 in
681 1617 872 1687 exigua
896 1615 1077 1669 tabula
1101 1616 1283 1670 domus
1310 1637 1415 1669 una
1440 1626 1715 1687 superstes·

1735 1728 1767 1761 J.
1787 1727 1829 1761 G.
1846 1727 1886 1760 L.

1027 2181 1274 2218 LXXXVI.

962 2294 1327 2368 Qsspitaphium.

517 2483 519 2485 -
614 2444 746 2497 Hoc
775 2443 870 2497 sub
896 2463 1151 2498 marmore
1177 2444 1419 2498 conditur

540 2536 657 2600 Illa,
686 2546 739 2590 et
766 2538 1006 2608 perpetui
1030 2556 1246 2590 munere
1273 2536 1512 2590 carminis

613 2629 807 2700 Digna,
837 2638 890 2683 et
915 2628 1175 2683 flebilibus
1199 2629 1380 2692 modiS‚

538 2721 654 2785 Illa,
677 2731 731 2776 et
757 2722 1090 2776 Pembroehii
1115 2730 1296 2785 mater,
1326 2730 1380 2775 et
1405 2720 1590 2792 inclyti

615 2813 813 2868 Sidneii
837 2834 978 2868 soror
998 2835 1009 2866 ε
1050 2814 1173 2867 huie
1197 2834 1390 2884 parem,

542 2907 659 2960 Aut
684 2907 865 2970 forma,
894 2916 986 2960 aut
1012 2908 1199 2970 animo,
1227 2915 1319 2960 aut
1345 2905 1682 2960 nobilioribus

612 3000 794 3054 Puleri
819 3001 1028 3054 dotibus
1053 3000 1251 3071 ingeni,

540 3092 774 3156 Nullam,
805 3093 968 3156 Mors,
996 3094 1187 3164 poteris
1214 3092 1406 3146 eaedere
1434 3092 1713 3154 victimam,

614 3186 798 3239 Donec
822 3195 876 3239 te
904 3206 1114 3256 quoque
1143 3185 1430 3255 Temporis,

545 3276 756 3349 Strages
780 3278 895 3330 ulta
918 3287 1050 3340 tuaS,
1080 3277 1318 3331 conficiet
1343 3295 1541 3329 manus.
