2418 3944
465 433 550 475 246
895 432 1288 475 ANTHOLOGIA
1333 432 1710 475 OXONIENSIS.

554 696 794 767 Respice,
823 697 915 766 qui
940 697 1095 750 blaeso
1120 697 1353 750 nondum
1378 697 1647 750 conamine
1672 697 1834 767 possit

627 809 800 862 Dulce
825 810 988 879 patris
1013 829 1202 863 nomen
1227 809 1425 881 fingere
1451 829 1577 863 voce
1602 829 1765 880 puer:

559 920 645 972 Tu
671 939 812 983 cave,
840 940 906 973 ne
933 920 1093 974 titulo
1119 921 1396 991 compellet
1422 921 1633 974 adultus
1658 921 1816 984 inani,

631 1034 754 1087 Neu
780 1034 907 1087 sciat
933 1034 1191 1087 incassum
1218 1035 1347 1104 quid
1373 1035 1455 1098 sit,
1483 1035 1675 1088 habere
1701 1043 1935 1105 patrem3

557 1145 711 1199 Neve
738 1166 850 1217 egO,
880 1147 1097 1216 captivae
1122 1147 1309 1200 misero
1333 1147 1577 1200 damnata
1600 1148 1780 1210 labori,

626 1256 746 1309 Fila
770 1257 973 1310 traham
999 1277 1146 1311 servo
1171 1257 1335 1311 libera
1359 1266 1483 1310 nata
1507 1258 1634 1311 colo.

558 1370 728 1423 Nocte
755 1370 894 1432 redi3
934 1370 1199 1441 trepidum
1225 1371 1424 1424 reditus
1451 1370 1647 1424 solatur
1672 1389 1900 1423 amorem

627 1482 755 1535 Heu
780 1482 952 1535 brevis
974 1481 984 1534 1
1024 1482 1090 1535 ob
1108 1483 1280 1551 justos
1304 1482 1501 1553 gratior
1525 1500 1693 1550 usque
1717 1489 1904 1534 metus.

554 1590 782 1653 Interea,
811 1591 995 1644 dubios
1020 1610 1178 1661 opera
1201 1590 1416 1645 fallente
1442 1591 1670 1653 timores,

631 1699 866 1754 Stamina
891 1701 1016 1753 dum
1042 1710 1182 1765 texo,
1212 1722 1328 1771 quae
1353 1703 1452 1756 tibi
1477 1702 1637 1756 vestis
1663 1709 1819 1755 erunt
1838 1721 1852 1764 3

556 1808 725 1864 Grata
749 1810 847 1863 tibi
871 1811 1039 1864 laticis
1065 1812 1230 1882 tepidi
1255 1812 1490 1866 fomenta
1515 1812 1721 1883 parabit

624 1921 665 1974 J
667 1941 786 1975 ussa
810 1942 907 1975 nec
932 1923 1098 1976 invita
1121 1924 1290 1976 multa
1313 1924 1551 1977 ministra
1574 1943 1748 1976 manu,

556 2032 666 2086 Hei
690 2034 846 2086 mihi!
886 2035 927 2086 si
953 2035 1146 2106 rigidos
1172 2045 1415 2089 ornatum
1441 2057 1632 2089 munus
1658 2037 1713 2088 in
1739 2044 1900 2098 artus,

628 2144 681 2196 N
684 2153 840 2197 entur
864 2145 919 2196 in
948 2145 1239 2198 Hectoreos
1264 2146 1412 2199 irrita
1436 2166 1597 2216 pensa
1621 2166 1801 2217 rogos:

558 2253 666 2306 Hei
690 2254 846 2306 mihi!
887 2254 929 2307 si
954 2255 1134 2308 redeas
1159 2255 1319 2316 alius;
1361 2275 1534 2325 neque
1561 2255 1764 2309 conscia
1787 2254 2013 2326 lymphae

626 2365 843 2435 Frigida
869 2366 1121 2435 supremis
1146 2367 1378 2420 membra
1402 2368 1636 2420 lavemus
1661 2367 1824 2435 aquis.

556 2476 677 2529 Hoc
703 2476 860 2538 dolet,
889 2476 1003 2538 hoc,
1023 2510 1094 2515 ——
1119 2496 1387 2548 superesse
1414 2479 1513 2531 tibi
1535 2479 1546 2531 1
1591 2479 1667 2530 nil
1693 2478 1846 2531 triste
1875 2477 2111 2530 relictam
2183 2487 2189 2491 '

630 2585 931 2649 Servitium,
959 2587 1034 2638 nil
1060 2607 1166 2639 sors
1192 2588 1360 2640 exulis
1385 2608 1523 2659 aegra
1546 2597 1753 2641 movet:

555 2699 649 2752 Me
674 2707 850 2752 movet
876 2700 1146 2769 amplexus
1170 2701 1390 2770 respersi
1415 2701 1551 2753 caede
1576 2720 1826 2762 meorum,

535 2838 538 2845 2
628 2807 830 2878 Impius
856 2816 909 2859 et
934 2808 1041 2861 leto
1065 2809 1243 2862 durior
1266 2809 1428 2862 hostis
1453 2828 1609 2862 amor.

557 2918 764 2973 Occidit
790 2919 983 2972 Eetion
1007 2920 1230 2990 genitor,
1260 2929 1580 2990 septenaque
1606 2921 1807 2990 proles;

630 3029 825 3082 Tabuit
850 3029 905 3081 in
930 3048 1094 3083 vacuo
1119 3039 1286 3083 mater
1310 3030 1480 3083 inulta
1504 3040 1632 3084 toro,

559 3138 644 3190 Tu
668 3138 795 3189 mihi
819 3137 982 3191 frater
1008 3139 1123 3201 eris,
1150 3147 1333 3201 mater,
1361 3148 1525 3209 pater,
1553 3140 1726 3193 omnia
1750 3141 1919 3194 solus:

631 3247 997 3302 Andromache
1024 3249 1164 3302 salvo
1190 3269 1295 3302 non
1322 3250 1420 3302 erit
1447 3250 1571 3303 orba
1596 3250 1721 3304 viro.
