2418 3944
406 455 463 494 40
848 457 1243 499 ANTHOLOGIA
1287 457 1658 500 OXONIENSIS.

1197 797 1348 833 XXII.

1087 929 1443 986 ΟΡΕΣΤΗΣ.

586 1080 639 1129 Ω
666 1095 846 1140 ΜΗΤΕΡ,
879 1076 1079 1130 ἱκετεύω
1107 1098 1184 1139 σε,
1214 1075 1286 1144 μὴ
1311 1077 1501 1130 ’πίσειέ
1523 1099 1614 1144 μοι

586 1168 679 1223 τὰς
703 1167 1037 1237 αἱματωποὺς
1061 1169 1148 1222 καὶ
1173 1168 1537 1240 δρακοντώδεις
1562 1168 1718 1241 κόρας·
1733 1188 1745 1201 ·

589 1260 743 1313 αὗται
767 1261 886 1332 Ὑάρ,
915 1260 1070 1313 αὗται
1093 1260 1325 1325 πλησίον
1352 1259 1653 1331 θρώσκουσί
1671 1283 1787 1330 μου.

578 1422 654 1474 Ὦ
681 1423 855 1487 Φοῖβ’,
884 1422 1234 1476 ἀποκτενοῦσί
1254 1421 1307 1490 μ’
1335 1421 1393 1475 αἱ
1419 1421 1717 1486 κυνώπιδες,

586 1518 866 1585 νγορὙῶπες,
895 1514 1075 1585 ἐνέρων
1104 1513 1272 1585 ἱέριαι,
1299 1513 1458 1567 δειναὶ
1485 1514 1612 1567 θεαί.

1296 1680 1316 1692 Α

590 1677 788 1731 Μέθες·
824 1676 905 1745 μί’
934 1677 1068 1729 οὖσα
1093 1680 1194 1731 τῶν
1218 1681 1353 1744 ἐμων
1377 1676 1622 1748 Ἐρινύων

587 1770 748 1837 μέσον
773 1771 825 1832 μ’
851 1770 1106 1842 ὀχμάζεις,
1136 1770 1204 1823 ὡς
1227 1770 1406 1839 βάλῃς
1428 1771 1481 1837 μ’
1508 1769 1578 1822 εἰς
1603 1769 1885 1842 Τάρταρον.

588 1933 693 1987 Δὸς
717 1932 844 2001 τόξα
867 1956 957 2001 μοι
982 1932 1253 2004 κερουλκά,
1283 1932 1422 2004 δῶρα
1446 1932 1655 2001 Λοξίου,

854 2023 866 2041 ’

589 2025 664 2078 οἷς
687 2028 739 2093 μ’
768 2024 854 2078 εἶπ
893 2023 1180 2078 Ἀπόλλων
1201 2023 1547 2093 ε’ξαμύνεσθαι
1573 2023 1708 2087 θεάς,

589 2118 636 2170 εἴ
656 2120 710 2185 μ’
735 2119 1010 2189 ἐκφοβοῖεν
1034 2117 1284 2185 μανιάσιν
1307 2116 1636 2184 λυσσήμασι.

590 2277 707 2329 Οὐκ
732 2275 1027 2339 εἰσακούετ’,
1057 2276 1156 2347 οὐχ
1179 2275 1326 2347 ὁρᾶθ’
1351 2274 1621 2341 ἑκηβόλων

588 2368 751 2438 τόξων
774 2369 1041 2441 πτερωτὰς
1065 2367 1327 2440 Ὑλυφίδας
1350 2370 1704 2441 ἐξορμωμένας
1722 2390 1735 2432 ;

588 2460 638 2524 ἃ,
667 2460 726 2513 a·
765 2460 819 2513 τί
842 2447 972 2528 δῆτα
994 2460 1233 2528 μέλλετ’;
1274 2459 1545 2531 ἐξακρίζετ’
1571 2459 1752 2530 αἰθέρα

587 2557 818 2624 πτεροῖς·
857 2551 924 2605 τὰ
949 2552 1154 2616 Φοίβου
1179 2551 1221 2604 δ’
1249 2551 1490 2605 αἰτιᾶσθε
1516 2551 1768 2623 θέσφατα.

588 2644 660 2697 ἔα.
702 2644 763 2698 τί
778 2643 935 2717 χρῆμ’
963 2643 1124 2707 ἀλύω,
1153 2643 1332 2712 πνεῦμ’
1359 2643 1495 2697 ἀνεὶς
1518 2647 1575 2696 ἐκ
1600 2643 1925 2711 πνευμόνων;

588 2742 684 2792 ποῖ
706 2742 801 2791 ποῖ
822 2736 940 2790 ποθ’
967 2737 1247 2806 ἡλάμεσθα
1273 2736 1487 2805 δεμνίων
1511 2736 1617 2790 ἄπο
1638 2757 1650 2799 ;

587 2835 644 2884 ἐκ
670 2830 910 2899 κυμάτων
933 2831 1043 2902 «γὰρ,
1061 2829 1208 2883 αὖθις
1233 2829 1300 2882 αὖ
1323 2828 1506 2897 «γαλήν’
1534 2828 1649 2900 ὁρῶ.

589 2923 817 2992 ξύγγονε,
845 2922 901 2975 τί
922 2923 1115 2986 κλάεις,
1144 2923 1287 2990 ὄμμα
1313 2920 1440 2974 θεῖσ’
1468 2921 1590 2973 εἴσω
1615 2920 1865 2984 πέπλων,

589 3015 913 3088 αἰσχύνομαί
934 3037 1022 3068 σοι
1045 3013 1347 3083 μεταδιδοὺς
1371 3012 1542 3067 πόνων
1565 3015 1715 3082 ε’μῶν,

587 3108 752 3181 ὄχλον
777 3129 833 3161 τε
857 3107 1072 3179 παρέχω
1097 3106 1337 3178 παρθένῳ
1364 3105 1538 3160 νόσοις
1561 3109 1720 3173 ἐμαῖς.

585 3200 658 3269 μὴ
684 3203 786 3253 τῶν
809 3203 942 3267 ἐμῶν
966 3199 1109 3253 ἕκατι
1135 3199 1390 3266 συντήκου
1415 3201 1597 3252 κακῶν.

1724 3288 1854 3328 Eurlp.
1875 3287 2000 3320 Oresta.
