2418 3944
460 465 547 506 294
904 468 1298 510 ANTHOLOGIA
1342 469 1718 510 OXONIENSIS.

1249 850 1331 886 XI.

528 963 624 1024 Qu
651 963 902 1022 '3Eff2ttus
941 963 1164 1035 requirat
1202 963 1456 1035 &genam
1496 962 1600 1022 sihi
1638 965 2089 1036 proportionatum.

1235 1096 1356 1135 ΑΗΕ.

602 1209 929 1261 PERSARUM
955 1208 1250 1262 veneranda
1275 1227 1475 1271 manUS,
1503 1208 1629 1260 dum
1654 1207 1764 1261 fata
1789 1227 2001 1262 suorum

674 1320 867 1373 Atossa
893 1320 1095 1390 ingenti
1120 1320 1285 1373 fracta
1309 1319 1484 1372 dolore
1510 1319 1689 1390 gemit,

543 1438 576 1462 “
607 1430 810 1493 Salve,'’
835 1430 1026 1499 inquit,
1058 1438 1092 1461 ‘⁶
1117 1430 1328 1501 Regina
1355 1430 1512 1493 Asiae,
1542 1449 1657 1500 quae
1684 1430 1792 1483 sola
1815 1429 2014 1483 labanti

670 1543 914 1613 Imperio,
944 1551 997 1595 et
1022 1519 1203 1613 patriae
1229 1541 1455 1595 consulis
1480 1560 1649 1611 usque
1675 1550 1795 1594 tuae.

598 1655 776 1708 Macte
802 1655 874 1724 pii
900 1674 1098 1707 memor
1123 1653 1291 1716 officii,
1321 1662 1375 1706 et
1400 1653 1649 1706 libamina
1672 1672 1807 1723 pura

667 1765 857 1818 Funde
883 1785 1058 1827 manU,
1088 1774 1141 1818 et
1168 1772 1348 1818 sancto
1374 1765 1586 1835 concipe
1612 1773 1736 1818 vota
1760 1773 1922 1818 metu,

601 1875 681 1929 Sit
707 1886 943 1929 nostrum
969 1877 1183 1939 interea,
1214 1877 1400 1929 saltem
1428 1876 1470 1928 si
1488 1877 1634 1945 justa
1658 1895 1946 1946 precamur,

672 1993 947 2046 Tartareos
973 1993 1213 2063 precibus
1240 1993 1518 2046 sollicitare
1544 1993 1682 2055 deOS,

600 2103 748 2171 Quos
774 2124 933 2174 penes
959 2123 1023 2156 ex
1052 2104 1191 2158 Orco
1217 2104 1447 2175 trepidos
1474 2104 1695 2156 educere
1721 2122 1917 2166 maneS,

634 2218 637 2220 ’
675 2214 862 2284 Atque
888 2215 1079 2267 iterum
1106 2215 1162 2266 in
1188 2215 1380 2268 claram
1404 2215 1506 2268 rite
1532 2214 1667 2268 ciere
1694 2214 1847 2268 diem.

597 2325 759 2396 Ergo,
787 2345 976 2396 magne
1006 2326 1249 2389 Hermes,
1279 2325 1417 2389 audi,
1447 2334 1608 2394 atque
1636 2325 1820 2377 emissa
1845 2324 2078 2378 tenebris

668 2437 820 2489 Darii
845 2437 899 2488 in
923 2437 1095 2489 lucem
1120 2436 1337 2506 prodeat
1361 2436 1548 2489 umbra
1571 2456 1773 2489 novam.

597 2546 800 2599 Audiat
825 2546 1091 2599 infandam
1117 2548 1333 2611 cladem,
1361 2548 1708 2618 ingentesque
1735 2548 1953 2610 dolores,

667 2660 743 2712 Et
770 2659 913 2729 quali
939 2659 1138 2712 excidio
1165 2658 1351 2711 Persia
1374 2678 1543 2711 mersa
1559 2660 1717 2728 jacet.

597 2773 800 2826 Audiat
826 2773 1096 2842 abreptam
1121 2771 1351 2834 classem,
1381 2779 1434 2824 et
1465 2770 1745 2824 Salaminia
1768 2779 1983 2842 propter

667 2880 879 2933 Littora
904 2878 1335 2932 Achaemenidum
1360 2897 1536 2947 sparsa
1560 2897 1742 2930 cruore
1767 2877 1916 2931 freta.

603 2991 791 3063 Surge,
819 2991 956 3053 veni,
984 2990 1177 3061 insigni
1201 2989 1473 3042 redimitus
1500 3009 1654 3060 surge
1681 2990 1829 3053 tiara,

670 3102 1034 3171 Praesentique
1059 3120 1245 3172 graves
1271 3100 1484 3154 numine
1510 3101 1647 3171 pelle
1673 3109 1858 3154 metus,

598 3215 740 3267 Nam
765 3223 828 3267 tu
853 3213 993 3283 pacis
1018 3231 1194 3264 amans
1220 3211 1412 3281 populo
1438 3211 1525 3280 pia
1541 3211 1664 3279 jura
1690 3211 1886 3263 volenti

671 3324 994 3394 Imperiique
1022 3322 1180 3375 dabas
1206 3321 1352 3374 mitia
1370 3322 1517 3390 jussa
1541 3321 1635 3374 tui.

1684 375 1747 378 -—.
1772 376 1791 378 ,γ
1942 377 1975 379 ...μ
1994 377 2043 380 7,,
2067 377 2102 380 .-.
2117 375 2231 382 -.,-.-
