2418 3944
28 437 47 503 γ*
198 331 207 460 1
726 428 812 474 AN
813 429 1126 471 THOLOGIA
1169 429 1543 472 OXONIENSIS·
1903 431 1985 472 201

1076 750 1209 787 VIII.

961 862 1041 921 {sti
1079 864 1319 938 fastus.

652 1023 743 1072 Υἱός
804 1055 828 1070 .,
875 1055 885 1064 .
948 1055 959 1066 .
1021 1025 1234 1073 Λυκάονος
1255 1026 1419 1078 εὔχεται
1441 1020 1560 1065 εἶναι.

417 1158 592 1212 AEms
615 1159 765 1230 inops
789 1160 1103 1230 mentisque,
1132 1160 1271 1213 Libo
1296 1160 1371 1212 nil
1394 1169 1585 1230 praeter
1609 1179 1826 1212 avorum

487 1269 732 1334 Nomina,
760 1290 865 1324 non
890 1290 997 1324 uno
1022 1271 1179 1324 ditior
1202 1290 1314 1324 asse
1339 1279 1532 1341 erepat.

418 1380 603 1434 Aurea
627 1381 670 1433 si
695 1389 875 1444 staret,
904 1400 1021 1450 quae
1047 1399 1197 1434 cerea
1221 1399 1363 1433 nune
1389 1388 1494 1433 stat
1520 1380 1708 1450 image,

493 1491 665 1547 Crede
690 1493 834 1555 mihi,
863 1494 1108 1562 antiquos
1133 1493 1386 1547 venderet
1411 1493 1499 1546 ille
1525 1492 1730 1564 patres!

1094 2055 1175 2090 IX.

384 2180 560 2243 ‘stium
587 2178 836 2239 insttihen
862 2194 927 2236 οη
949 2179 1030 2244 the
1055 2177 1236 2238 ποιτῇ]
1264 2178 1318 2235 nf
1340 2178 1522 2247 miss
1550 2178 1884 2251 Zsstuugbam,

629 2335 738 2360 ONLY
757 2334 977 2359 DAUGHTER
997 2332 1046 2357 01²*
1066 2332 1170 2357 LORD
1191 2332 1275 2356 AND
1296 2332 1404 2356 LADY
1423 2332 1666 2363 BROUGHAM,

799 2427 894 2452 WHO
913 2427 1008 2451 DIED
1029 2427 1078 2451 AT
1096 2426 1176 2451 '1¹11ss
1196 2426 1277 2451 AGE
1297 2426 1346 2450 OF
1366 2426 1474 2450 xvnl.

390 2561 928 2633 BLANDA-Anima'e
955 2559 1104 2613 cunis
1129 2559 1260 2613 heu!
1298 2559 1457 2631 longo
1484 2561 1717 2614 exercita
1742 2561 1926 2613 morbo

461 2672 615 2726 Inter
638 2680 901 2726 maternas
924 2671 1031 2724 heu
1051 2671 1062 2724 1
1101 2671 1464 2742 lacrymasque
1488 2671 1671 2742 patriS,‘

393 2785 542 2854 Quas
566 2786 677 2838 risu
699 2784 864 2839 lenire
890 2792 985 2837 tuo
1003 2783 1240 2853 jucunda
1265 2783 1481 2846 solebaS,

465 2896 541 2950 Et
565 2896 713 2959 levis,
743 2903 796 2948 et
822 2893 1021 2965 proprii
1046 2893 1137 2946 vix
1162 2913 1363 2947 memor
1387 2894 1501 2964 ipsa
1524 2893 1676 2946 mali:

393 3007 425 3061 I
450 3015 573 3078 pete
599 3007 834 3060 coelestes
859 3005 953 3058 ubi
978 3005 1124 3058 nulla
1150 3013 1228 3058 est
1255 3024 1382 3058 cura
1406 3024 1640 3058 recessus
1662 3005 1674 3058 ἔ

465 3119 542 3173 Et
567 3119 666 3173 tibi
692 3119 760 3171 sit
785 3118 932 3171 nullo
956 3117 1113 3171 mista
1136 3117 1313 3171 dolore
1340 3117 1490 3186 quies
1511 3116 1522 3170 1
