2418 3944
760 447 1155 491 ANTHOLOGIA
1197 449 1570 492 OXONIENSIS.

1937 453 2017 494 139

371 724 430 755 -“
458 715 653 770 Nullus
679 726 791 770 erat
816 718 1007 771 nostris
1034 718 1127 788 qui
1153 727 1281 771 tunc
1307 718 1583 772 obsisteret
1610 720 1795 783 armis3

377 789 390 808 ⁸
524 818 636 872 Res
660 805 788 870 mihi
813 819 893 872 bis
918 819 1065 872 denis
1091 819 1312 873 navibus
1338 829 1455 873 acta
1479 819 1630 874 foret.

453 917 534 971 At
558 927 624 972 tu
647 910 789 972 nunc
813 918 970 982 facili,
998 920 1108 972 dux
1133 919 1445 983 felicissime,
1473 940 1653 990 pugna

525 1018 682 1073 Ilicet
708 1019 862 1091 egisti
886 1020 967 1073 bis
992 1021 1163 1073 tribus
1187 1020 1319 1072 illud
1345 1039 1488 1090 opus

453 1118 607 1172 Tunc
634 1139 696 1172 ea
719 1139 825 1172 non
851 1118 1043 1171 foedam
1068 1119 1320 1173 vidissent
1345 1120 1536 1172 moenia
1561 1120 1778 1183 cladem,

526 1215 729 1269 Moenia
754 1236 915 1286 quam
939 1216 1118 1286 probri
1144 1217 1350 1270 conscia
1374 1216 1515 1270 facta
1539 1218 1642 1271 mei
1664 1218 1675 1270 1

407 1317 409 1319 ’
454 1313 513 1367 N
516 1333 576 1367 ec
600 1323 683 1367 tot
711 1313 1018 1367 Atlantiaco
1044 1313 1319 1384 periissent
1345 1334 1515 1367 mersa
1538 1314 1799 1385 profundo

529 1412 720 1477 Corda,
748 1421 831 1466 tot
859 1412 1090 1466 externis
1116 1411 1274 1465 fortia
1298 1413 1453 1466 corda
1476 1414 1657 1485 plagis.

397 1637 432 1661 “
460 1630 613 1683 Tunc
639 1630 798 1683 etiam
823 1629 1032 1683 domitis
1058 1629 1343 1699 potuissem
1368 1630 1536 1683 victor
1560 1630 1748 1695 IberiS‚

527 1730 636 1783 Par
661 1729 776 1793 tibi,
805 1749 925 1783 cum
951 1738 1104 1799 capta
1129 1730 1289 1783 classe
1317 1729 1484 1783 redire
1510 1731 1738 1784 domum.

458 1828 604 1897 Quid
629 1829 672 1881 si
690 1830 836 1899 jussa
860 1830 1027 1882 redux
1052 1830 1251 1883 lueram
1277 1838 1542 1883 contemta
1567 1832 1787 1884 cruore?

531 1928 590 1983 Si
614 1929 788 1983 fuerat
813 1928 928 1983 vita·
949 1929 1103 1999 culpa
1128 1929 1299 1981 soluta
1323 1931 1476 1982 mea?

456 2026 581 2080 Ah!
621 2037 820 2098 quanto
846 2028 1032 2080 melius
1059 2027 1318 2090 cecidisse,
1346 2027 1638 2081 fatentibus
1668 2028 1861 2101 Anglis

531 2126 627 2180 Me
652 2127 788 2180 bene
814 2126 878 2179 de
904 2125 1074 2196 patrio
1101 2127 1466 2180 commeruisse
1493 2128 1601 2181 solo
1623 2128 1634 2180 1

455 2224 549 2278 Ah
570 2225 582 2278 1
622 2233 822 2295 quanto
847 2224 1050 2287 meliuS‚
1080 2244 1239 2294 quam
1264 2225 1433 2296 longis
1458 2235 1672 2297 pectora
1697 2227 1897 2280 victum

530 2324 782 2377 Tristitiis
808 2324 1033 2376 animam
1061 2324 1133 2376 sic
1158 2324 1390 2394 posuisse
1416 2344 1601 2378 meam.

397 2559 431 2583 “
458 2551 763 2613 Possumne,
790 2550 986 2604 invidia
1009 2551 1246 2620 majoreS,
1275 2569 1487 2603 cernere
1513 2549 1723 2614 famam,

530 2642 760 2705 Cernere
786 2648 986 2701 militiae
1010 2657 1162 2719 gesta
1187 2649 1415 2701 secunda
1439 2658 1558 2701 tuae.

422 2782 426 2785 ·
458 2748 565 2804 Sed
588 2748 688 2802 tibi
713 2748 780 2801 sit
805 2756 994 2801 nostrae
1020 2767 1166 2800 mens
1190 2747 1331 2799 haud
1356 2747 1520 2800 oblita
1545 2748 1788 2816 querelae,

529 2847 616 2901 Ne
642 2847 794 2900 cadat
819 2846 875 2898 in
901 2845 1083 2899 surdos
1109 2865 1313 2915 semper
1337 2845 1509 2898 inulta
1535 2845 1589 2899 N
1593 2854 1720 2899 otos,

457 2946 605 3015 Quid
628 2956 710 3000 tot
734 2947 791 2999 in
816 2946 1007 3000 infesto
1032 2945 1270 2999 tabentia
1293 2945 1458 2997 millia
1483 2945 1614 2998 coelo

527 3045 742 3115 Profuit
766 3045 991 3116 indignae
1018 3044 1352 3098 succubuisse
1378 3045 1536 3098 neci?

459 3145 608 3214 Quos
632 3155 909 3217 properata
932 3146 1062 3210 lueS,
1091 3165 1223 3215 quos
1248 3145 1473 3216 pallidus
1499 3145 1718 3199 abstulit
1745 3165 1923 3217 angor,

529 3246 658 3300 Non
682 3245 879 3300 ferrum
907 3254 1000 3298 aut
1025 3245 1171 3298 dubii
1196 3245 1370 3298 nobile
1398 3245 1590 3298 Martis
1615 3264 1758 3315 opus,
