2418 3944
417 456 502 496 232
827 456 910 496 AN
914 456 1222 498 THOLOGIA
1267 457 1589 498 OXONIENSI
1593 456 1639 498 S.

539 719 646 772 Hic
670 719 797 771 mihi
823 739 1026 789 semper
1050 720 1187 782 ades³
1215 739 1322 772 non
1349 721 1518 789 qualis
1545 721 1635 773 vix
1662 741 1798 774 nova
1821 728 1990 773 mater

601 830 874 902 Amplexu
899 831 1127 884 haerebas
1145 833 1255 902 jam
1283 833 1595 886 moribunda
1620 853 1736 886 meo
1756 853 1770 896 3

542 942 646 996 Sed
672 942 841 1011 qualis
868 962 1065 1013 surgeS,
1095 942 1187 995 ubi
1212 962 1307 995 nos
1331 942 1395 996 de
1423 943 1542 996 sede
1569 942 1828 1013 profunda

615 1052 846 1107 Suscitet
873 1053 1097 1106 aetheriae
1122 1072 1226 1106 vox
1253 1053 1484 1106 animosa
1508 1055 1666 1115 tubae,

543 1165 795 1220 Somnum
826 1174 987 1219 exuta
1010 1185 1241 1236 gravem,
1270 1175 1324 1219 et
1351 1165 1572 1219 coelestis
1598 1165 1803 1218 conscia
1828 1164 1964 1227 vitae,

601 1281 833 1349 Jamque
859 1281 1190 1334 adventantis
1216 1281 1431 1334 numine
1456 1281 1576 1333 laeta
1602 1281 1721 1334 Dei.

1962 1388 2004 1421 G.

948 1773 1359 1832 &hlettamtnta
1386 1773 1585 1833 muriz.

1154 1662 1347 1699 XXXII.

1026 1934 1171 1988 Ἀγρὸς
1194 1935 1335 1988 τέρψιν
1357 1935 1462 1988 ἄγει.

338 1997 341 2024 Ι

338 2033 341 2092 Ι
519 2067 638 2135 QUI
666 2068 789 2121 colis
814 2068 1066 2138 ingenuas
1091 2067 1328 2119 humanae
1356 2065 1585 2117 Palladis
1612 2074 1764 2127 artes,

338 2142 342 2178 Ι
590 2176 762 2239 Adde,
790 2196 936 2246 puer,
965 2173 1149 2228 studiis
1176 2177 1299 2238 otia,
1326 2196 1448 2227 rura
1473 2176 1638 2228 domo.

518 2289 750 2360 Impiger
775 2289 967 2342 occlusi
992 2289 1126 2341 vites
1151 2288 1359 2340 fastidia
1384 2288 1527 2350 tecti,

591 2400 737 2452 Dum
762 2409 913 2452 vocat
939 2399 1005 2451 ad
1028 2408 1204 2469 gratos
1230 2399 1417 2451 fertilis
1442 2419 1608 2451 annus
1635 2418 1798 2470 agros.

520 2511 669 2565 Arva
692 2511 806 2573 tibi,
835 2520 888 2563 et
914 2510 1076 2581 riguis
1102 2510 1340 2580 placeant
1365 2510 1420 2560 in
1445 2510 1666 2562 vallibus
1692 2529 1884 2572 amnes,
1944 2534 1947 2537 ·

594 2623 834 2692 Quaeque
859 2622 988 2675 levis
1011 2622 1244 2692 gelidum
1269 2621 1489 2674 ventilat
1515 2641 1642 2673 aura
1667 2641 1863 2674 nemus.

521 2733 774 2788 Gramina
799 2753 892 2785 seu
918 2732 1120 2794 sternit,
1149 2752 1242 2784 seu
1266 2732 1424 2783 flavas
1449 2750 1643 2783 messor
1668 2731 1865 2793 aristas,

592 2845 794 2898 Imbuit
820 2853 911 2896 aut
937 2843 1125 2914 agilem
1150 2842 1369 2895 discolor
1393 2861 1497 2893 uva
1521 2841 1707 2911 pedem
1727 2861 1739 2903 3

520 2957 761 3012 Piscibus
786 2956 1010 3018 insidias,
1038 2955 1221 3008 avibus
1247 2975 1340 3007 seu
1365 2954 1535 3007 tendit
1561 2953 1793 3024 agrestis,

597 3069 703 3124 Seu
729 3068 840 3122 fera
863 3066 1152 3138 praecipites
1177 3066 1354 3118 horret
1380 3065 1566 3117 anhela
1591 3084 1770 3117 canes:

521 3182 652 3236 Visa
676 3181 782 3234 tuis
807 3180 1026 3233 reddent
1051 3178 1401 3246 membrisque
1427 3177 1715 3245 animisque
1742 3177 1990 3247 vigorem,

594 3293 668 3345 Et
694 3310 836 3344 sacer
861 3290 1034 3342 afflato
1060 3298 1255 3342 crescet
1280 3289 1334 3340 in
1360 3308 1447 3341 ore
1473 3287 1631 3340 furor.

1967 3395 2008 3429 B.
