2418 3944
422 409 503 452 192
877 410 1279 454 ANTHOLOGIA
1324 410 1705 454 OXONIENSIS.

1231 734 1295 770 ΙΙ.

951 853 1075 918 OEbe
1103 851 1241 911 evall
1270 853 1323 910 uf
1357 853 1565 922 (ὥραις.

335 792 337 821 z

334 832 339 878 ἓ

335 1041 338 1102 3
514 1025 788 1078 ISACIDAS
813 1025 994 1096 patriae
1021 1033 1254 1078 extorres
1281 1025 1374 1094 qui
1398 1025 1641 1078 redderet
1666 1025 1800 1088 urbi,

588 1137 698 1205 Qui
722 1138 870 1191 daret
896 1137 1125 1208 auspicio
1151 1137 1373 1190 condere
1400 1137 1598 1207 templa
1623 1156 1775 1199 now,

515 1249 734 1320 Cyrum,
763 1249 936 1303 animo
963 1249 1127 1302 Isaias
1152 1249 1308 1320 longe
1334 1249 1460 1302 dum
1486 1249 1753 1320 prospicit,
1780 1250 1924 1303 ultro

591 1360 839 1424 Suscitat,
868 1370 923 1414 et
947 1356 1139 1431 magna
1163 1360 1219 1412 in
1244 1360 1424 1413 munia
1449 1380 1576 1414 voce
1603 1361 1730 1414 ciet:
1753 1393 1822 1402 -—

440 1481 475 1504 ‘⁶
509 1474 763 1526 Exoriare
789 1473 914 1526 olim
941 1473 1223 1526 Medorum
1249 1492 1277 1525 e
1303 1473 1495 1526 finibus
1521 1474 1663 1526 ultor

588 1579 919 1637 Prostratam
943 1583 1110 1653 possis
1137 1583 1231 1653 qui
1257 1583 1491 1637 relevare
1523 1580 1729 1638 Salem!

515 1694 695 1747 Macte
721 1694 923 1747 animo!
982 1694 1104 1764 Ipse
1130 1694 1292 1747 aciem
1318 1694 1492 1747 fausto
1519 1694 1668 1747 Deus
1694 1695 1865 1747 omine
1891 1696 2055 1760 ducit,

587 1806 707 1875 Ipse
734 1826 828 1859 sua
852 1825 1077 1876 praesens
1103 1806 1313 1876 agmina
1338 1806 1511 1858 firmat
1537 1825 1649 1876 ope.

513 1918 747 1986 Jamque
780 1916 1141 1971 Semiramiam
1168 1917 1470 1987 Euphrates
1496 1937 1602 1986 qua
1626 1917 1813 1971 dividit
1840 1919 2021 1972 urbem

586 2028 709 2097 Ipsa
734 2025 936 2080 dabunt
962 2027 1140 2080 faciles
1166 2046 1316 2080 versa
1340 2027 1541 2080 fluenta
1566 2028 1675 2080 vias
1695 2048 1706 2079 :

514 2138 747 2207 Jamque
775 2139 873 2191 tibi
900 2140 1070 2192 aeratis
1097 2140 1511 2210 Babylon-labat
1536 2141 1699 2192 ardua
1724 2140 1904 2210 portis,
1928 2190 1931 2192 ,

586 2250 888 2318 Ferreaque
916 2251 1097 2302 avulso
1124 2251 1332 2303 cardine
1361 2251 1587 2303 claustra
1612 2260 1812 2321 patent.

515 2360 689 2414 Cerno
716 2361 1069 2430 irrumpentes
1095 2360 1308 2429 inopino
1334 2360 1500 2413 milite
1527 2369 1727 2413 turmas

586 2470 863 2539 Complere
889 2469 1094 2539 ingenti
1119 2469 1262 2539 regia
1286 2478 1429 2522 tecta
1452 2479 1629 2533 metu3

513 2580 687 2634 Cerno
712 2579 893 2649 inopes
919 2579 1080 2631 animi
1106 2580 1266 2650 vulgo
1291 2599 1384 2650 per
1409 2581 1636 2650 compita
1661 2582 1800 2635 cives

584 2692 854 2744 Incassum
881 2709 993 2743 sera
1019 2709 1073 2742 se
1098 2691 1386 2761 glomerare
1412 2690 1553 2762 fuga.

513 2804 661 2865 Haec,
688 2811 962 2871 utcunque
988 2811 1109 2854 tuos
1135 2803 1335 2855 lateant
1361 2802 1470 2855 fata
1495 2804 1673 2857 abdita
1698 2824 1895 2868 sensus,

586 2914 701 2966 Nec
727 2913 840 2975 sciS,
870 2913 963 2982 qui
989 2913 1128 2964 claro
1153 2921 1208 2965 te
1232 2922 1386 2966 vocat
1411 2932 1500 2966 ore
1527 2914 1691 2978 DeUS,

332 2978 334 3065 Ι
512 3026 693 3079 Macte
719 3025 891 3078 animo
916 3033 1094 3077 tamen
1115 3024 1126 3076 1
1166 3032 1219 3077 et
1246 3025 1456 3077 sortitas
1481 3024 1655 3095 accipe
1681 3025 1907 3095 palmas3

584 3137 817 3207 Auspice
842 3145 896 3190 te
921 3136 1181 3189 instauret
1207 3135 1334 3188 dum
1359 3155 1454 3189 sua
1477 3136 1675 3207 templa
1704 3135 1877 3191 Salem
1899 3137 1911 3190 Σ
1930 3138 1955 3161 ”
