2418 3944
728 427 1127 469 ANTHOLOGIA
1170 427 1543 470 OXONIENSIS.
1905 432 1986 472 183
2070 336 2074 544 1

353 695 443 749 καὶ
468 694 586 749 τότε
612 695 862 768 φωνήσας
886 695 1081 764 σεμνήν
1105 697 1159 764 μ’
1185 694 1400 766 ὀνόμῃνε
1427 697 1686 769 δάμαρτα,
1706 731 1778 738 -

429 799 592 868 μῆτερ
618 794 732 863 ἐμή,
761 793 831 847 σὺ
856 793 911 847 δὲ
935 794 1081 848 τῶνδ’
1106 794 1272 848 αἴτιον
1295 794 1417 848 ἐσσὶ
1443 799 1628 850 κακῶν.

357 893 472 948 Καὶ
490 894 659 948 πάλιν
682 893 832 948 αὖθις
857 893 977 947 ἴδον.
1023 891 1162 959 καλὴ
1188 892 1242 946 δὲ
1266 893 1565 966 παρίστατο
1591 895 1767 968 κούρη·

423 994 633 1069 χείλεσι
659 994 703 1048 δ’
728 998 782 1048 ἐν
807 998 1068 1063 μαλακοῖς
1092 993 1215 1060 ἡδὺς
1240 993 1416 1062 ἔπαιζε
1439 996 1623 1064 «γέλως.

353 1096 424 1150 ὡς
447 1095 536 1150 καὶ
554 1096 656 1165 ἐγὼ
680 1094 967 1164 «γελόωντος
993 1093 1101 1148 ἴδον
1126 1096 1255 1148 ποτὲ
1279 1095 1479 1168 φαιδρὰ
1501 1095 1791 1168 πρόσωπα·

426 1196 530 1264 ἦκα
554 1196 598 1249 δ’
623 1195 729 1250 ἀπὸ
754 1195 1009 1264 *γλώσσης
1036 1195 1199 1268 ἔρρεεν
1225 1196 1374 1250 αὖθις
1399 1195 1513 1263 ἔπη.

351 1295 491 1369 χειρὶ
515 1294 560 1348 δ’
584 1294 889 1368 ἐρειδομένη,
918 1298 982 1365 τῇ
1008 1294 1110 1361 ἐγὼ
1134 1295 1302 1365 πάρος
1326 1295 1658 1367 ἠρηρείσμην,

425 1393 608 1468 εἴχετο,
631 1429 703 1434 -
719 1398 818 1466 φεῦ
835 1399 1033 1466 λυνγρῆς
1056 1396 1090 1462 ἥ
1114 1397 1167 1462 μ’
1191 1393 1309 1449 ἕλεν
1332 1396 1651 1462 ἀμπλακίης.

352 1490 416 1559 δὴ
434 1491 552 1546 τότε
575 1491 774 1565 δάκρυα
800 1493 964 1565 θερμὰ
986 1494 1124 1566 χέον,
1153 1493 1241 1547 καὶ
1263 1494 1366 1566 «γάρ
1391 1495 1436 1548 τ’
1461 1493 1650 1561 ἐνόησα

428 1592 498 1645 ὡς
520 1591 679 1664 χάρις
702 1592 736 1658 ἡ
761 1590 994 1664 πρόσθεν
1012 1593 1144 1646 πᾶσ’
1169 1592 1422 1647 ἀπόλωλε
1446 1594 1584 1659 βίον.

356 1690 445 1745 καὶ
469 1690 608 1758 τήνδ’
635 1691 702 1760 ἂρ
726 1691 925 1760 «γαμέειὴ
952 1691 1059 1762 τῇδ’
1085 1692 1237 1764 ὅρκια
1260 1693 1431 1747 πιστὰ
1456 1693 1724 1762 ταμόντων

430 1792 754 1866 ἀμφοτέρων,
782 1792 958 1846 ἔσεται
983 1793 1151 1847 κοινὸς
1173 1795 1347 1847 ἐσαιὲν
1365 1794 1506 1867 ἔρως.

356 1891 426 1946 ὡς
449 1892 637 1964 ὄφελέν
660 1894 778 1946 ποτ’
802 1892 922 1961 ε’μοί
936 1926 1008 1932 —-
1025 1893 1081 1946 τί
1102 1893 1156 1946 δὲ
1181 1896 1340 1957 ταῦτ’,
1371 1895 1639 1968 ἀεσίφρον,
1668 1895 1874 1957 ἀλύεις;

429 1994 529 2044 σοῦ
551 1991 602 2059 «γ’
627 1990 819 2063 ἔλαχεν
843 1993 1034 2062 πολλῷ
1059 1992 1372 2064 πιστοτέρην
1397 1992 1610 2066 ἄλοχον.

356 2090 450 2144 καί
469 2091 606 2143 ποτέ,
624 2090 704 2144 τίς
727 2091 773 2144 τ’
797 2091 943 2162 ε’ρέει·
964 2123 1034 2130 -—
1052 2090 1241 2145 πένθος
1267 2090 1324 2144 δέ
1341 2114 1433 2158 μοι
1460 2091 1626 2159 ἵξεται
1651 2091 1794 2164 ἦτορ·

429 2189 499 2242 ὡς
521 2188 603 2259 ἄρ’
628 2187 771 2257 ἅκγεις
795 2193 1027 2243 πολλαῖς
1050 2189 1206 2256 ἤματ’
1232 2193 1286 2243 ἐν
1311 2190 1667 2262 εὐφροσύναις.

1326 2287 1348 2306 η
1389 2289 1400 2311 ,
1439 2288 1461 2307 ,ι

357 2285 426 2341 ὥς
448 2287 582 2340 ποτέ
604 2286 685 2340 τίς
708 2287 763 2355 μ’
789 2287 942 2359 ε’ρέει·
970 2286 1040 2340 σὺ
1066 2286 1119 2340 δὲ
1145 2287 1294 2341 τῶνδ’
1319 2310 1387 2341 οσ
1427 2296 1643 2342 αλαστα
1668 2289 1919 2351 πέπονθα,

425 2390 588 2459 μῆτερ
612 2385 728 2455 ἐμή,
755 2386 969 2440 πάντων
994 2387 1160 2440 αἴτιον
1184 2387 1306 2440 ε’σσὶ
1332 2390 1516 2441 κακῶν.

1813 2481 1869 2512 W.
1891 2481 1927 2511 .1,.

1096 2738 1214 2775 CVI.

816 2831 961 2889 fluent
1000 2831 1201 2891 'statim
1242 2830 1502 2888 reunitum.

434 2981 646 3037 COETUS
673 2991 786 3036 erat
811 2983 1002 3036 densus
1023 3003 1036 3046 3
1079 2992 1396 3036 convenerat
1420 2983 1606 3054 hospes
1634 2984 1845 3037 eodem:

507 3091 713 3149 Obvius
739 3103 809 3157 at,
837 3095 1005 3157 rebar,
1033 3115 1139 3148 non
1165 3094 1307 3148 volet
1334 3114 1444 3148 esse
1470 3095 1611 3146 mihi.

387 3189 389 3191 Ι
435 3204 641 3259 Obvius
667 3215 746 3259 est
763 3225 1047 3276 3—presso
1072 3205 1202 3257 mihi
1226 3205 1444 3276 languet
1471 3205 1683 3274 spiritus
1709 3205 1920 3258 haustu:

507 3314 727 3368 Fixerat
753 3316 808 3368 in
833 3316 1013 3370 vultus
1039 3316 1238 3368 lumina
1262 3324 1389 3369 nota
1418 3334 1573 3368 meos,
