2418 3944
717 436 1118 478 ANTHOLOGIA
1161 436 1535 479 OXONIENSIS.
1916 439 1972 484 27

1066 670 1201 706 XIII.

937 763 1103 823 ffinssa
1130 763 1332 823 infans·

442 903 621 956 NATA
647 902 751 956 fuit
775 903 946 966 terris,
974 903 1065 956 ubi
1092 923 1208 973 quae
1234 903 1439 974 potiora
1462 903 1756 976 vigescunt,

515 1015 697 1068 Prima
722 1015 903 1069 eadem
928 1016 1037 1068 fato
1062 1016 1318 1068 deteriore
1344 1015 1571 1080 cadunt3

356 1166 358 1168 -
443 1127 546 1180 Illa
569 1127 724 1180 Rosae
750 1127 989 1199 fragilem
1015 1127 1154 1198 cepit
1180 1147 1300 1180 cum
1325 1127 1534 1180 nomine
1560 1127 1740 1193 vitam,

1054 1511 1179 1547 XIV.

998 1590 1244 1664 Ὴΐαιιιιεὲ.

742 1728 864 1773 Uxor
884 1733 1047 1772 mortua
1070 1728 1238 1771 viduum
1258 1728 1498 1786 alloquitur.

516 1240 646 1295 Una
669 1240 814 1293 dedit
840 1259 1017 1303 cunae,
1045 1240 1206 1293 funus
1233 1250 1287 1294 et
1312 1261 1419 1294 una
1443 1242 1578 1295 dies!

371 1845 501 1900 SCIS
525 1844 661 1899 bene
687 1865 846 1915 quam
872 1844 1065 1897 multos
1091 1852 1268 1897 tecum
1294 1844 1574 1913 conjuncta
1599 1864 1692 1915 per
1718 1865 1896 1909 annOS,
2056 1785 2059 1860 ἰ

440 1957 514 2010 Et
540 1956 684 2027 quali
707 1955 915 2018 fuerim,
944 1974 1060 2008 care
1086 1954 1289 2018 marite,
1317 1955 1434 2008 fide.
2054 1861 2058 2062 ἰ

366 2068 525 2122 Nunc
550 2067 733 2120 mundi
758 2066 1027 2119 illecebras
1054 2085 1211 2136 supra
1235 2085 1492 2135 curasque
1517 2066 1732 2137 fugaces
2054 2067 2057 2114 i

437 2179 666 2242 Evehor,
693 2177 929 2231 aethereis
955 2177 1247 2230 consociata
1271 2177 1452 2230 choris,

365 2291 419 2344 N
422 2310 482 2345 ec
506 2291 648 2353 mihi,
677 2290 865 2343 coelum
890 2289 988 2342 hoc
1015 2298 1068 2342 et
1094 2289 1324 2342 coelestia
1347 2289 1539 2360 gaudia
1564 2299 1744 2352 testor,

438 2403 580 2458 Vitae
605 2403 737 2455 dura
761 2401 864 2454 fuit
890 2410 1032 2454 meta
1057 2420 1300 2470 suprema
1325 2420 1485 2454 meae.

367 2512 446 2567 Te
471 2513 641 2567 solum
665 2512 881 2575 indolui,
907 2521 962 2564 te
988 2511 1127 2564 inter
1152 2511 1290 2563 mala
1313 2520 1462 2563 tanta
1486 2510 1806 2579 relinquens,

440 2620 601 2676 Heu!
639 2622 778 2674 mala
801 2641 942 2674 nunc
968 2621 1140 2674 animo
1164 2630 1279 2674 tota
1302 2621 1519 2674 ferenda
1541 2630 1652 2674 tuo.

370 2733 477 2789 Sed
500 2733 599 2787 tibi
623 2733 805 2804 pandit
830 2733 932 2786 iter
956 2733 1208 2786 divinitus
1232 2733 1389 2786 insita
1414 2734 1598 2797 virtus,

441 2844 557 2897 Has
582 2863 741 2897 caecas
766 2844 887 2897 vitae
913 2844 1197 2897 discutiens
1223 2845 1480 2898 tenebras·

367 2956 462 3010 Me
489 2975 717 3026 quoque,
745 2976 812 3009 ne
837 2956 1011 3009 doleas
1033 2956 1044 3009 l
1083 2957 1327 3010 comitem
1352 2976 1436 3010 me
1463 2976 1666 3027 semper
1691 2955 1920 3018 habebis,

438 3066 514 3119 Et
539 3066 667 3118 mihi
693 3066 797 3118 fida
820 3075 924 3119 tuae
951 3085 1077 3119 cura
1101 3066 1282 3119 salutis
1309 3066 1407 3119 erit
1428 3086 1441 3128 3

366 3178 551 3232 Donec
578 3177 699 3231 viva
721 3178 914 3231 iterum
939 3177 1182 3230 morienti
1209 3186 1262 3231 et
1288 3178 1506 3248 pulchra
1531 3176 1761 3239 videbor,

438 3289 570 3342 Dux
594 3289 692 3342 tibi
717 3288 772 3341 in
797 3298 1015 3342 aeternas
1041 3289 1116 3342 ire
1142 3298 1323 3359 parata
1348 3289 1539 3342 domos.

1817 3380 1858 3412 G.

183 3443 2050 3539 L——wss
