2418 3944
735 442 1132 484 ANTHOLOGIA
1176 442 1548 510 oXONIENsls.

327 703 513 774 Atque
538 703 613 757 ibi
638 704 763 756 dum
789 723 983 757 vacuus
1010 724 1201 774 queror
1225 704 1502 758 illaetabilis
1527 704 1665 757 horae

140 859 147 868 ·
229 899 233 902 Δ
326 834 518 899 Taedia,
544 817 827 906 prorepens
854 835 995 888 subit
1021 835 1346 906 implacabile
1371 843 1679 899 monstrum,

326 966 602 1022 Creditor!
642 967 833 1020 aeriam
858 967 1106 1038 gradibus
1133 967 1225 1037 qui
1251 967 1451 1020 scandit
1476 967 1542 1020 ad
1568 986 1737 1020 arcem

325 1095 629 1178 Composito
655 1097 808 1150 vultu
834 1106 995 1160 catus,
1023 1097 1331 1166 incessuque
1358 1095 1547 1148 silenti.

273 1216 278 1220 ”
326 1223 483 1279 Calce
507 1233 590 1278 ter
614 1225 888 1288 insultam,
917 1244 1051 1278 saevo
1076 1224 1198 1277 ferit
1223 1224 1416 1294 impete
1443 1232 1665 1294 portam,

322 1353 471 1408 Voce
495 1362 578 1408 ter
602 1355 847 1407 inclamat
873 1354 1017 1417 dira3
1058 1318 1194 1405 mala
1218 1353 1436 1406 verbera
1460 1373 1633 1416 nosco,

324 1484 721 1554 Pestiferosque
748 1503 916 1548 sonOS,
945 1493 999 1537 et
1023 1483 1212 1536 flebilis
1238 1484 1411 1537 omina
1437 1483 1656 1536 chartac!

324 1615 481 1669 Heu!
521 1615 648 1685 quid
672 1617 861 1686 agam?
901 1635 1005 1685 quo
1026 1625 1175 1686 terga
1194 1615 1366 1668 dabo?
1406 1634 1512 1684 qua
1535 1623 1684 1684 parte
1711 1614 1973 1678 latescam,

323 1743 527 1796 Mentis
552 1744 702 1814 inops
727 1744 945 1814 aerisque
972 1745 1166 1798 simul?
1203 1765 1287 1798 me
1314 1745 1443 1798 cella
1466 1745 1695 1798 tenebris

322 1874 501 1945 Eripit
525 1874 580 1954 in
604 1875 772 1938 foedis,
801 1872 1113 1928 carbonibus
1139 1883 1261 1945 apta
1286 1874 1519 1944 repostis.

322 2002 572 2074 Egelidos
597 2003 802 2056 subitus
827 2012 1006 2055 manat
1031 2002 1160 2054 mihi
1186 2003 1342 2055 sudor
1367 2003 1421 2054 in
1447 2010 1608 2065 artus,

327 2130 591 2201 Stantque
615 2150 807 2202 pavore
833 2150 1007 2195 comae,
1035 2141 1089 2184 et
1114 2132 1352 2184 tremulis
1378 2151 1482 2184 vox
1507 2132 1746 2185 faucibus
1771 2131 1948 2195 haeret,

324 2262 496 2315 Tanta
521 2261 620 2315 viri
645 2262 851 2325 macieS‚
879 2280 1172 2332 rugosaque
1197 2261 1359 2331 pallet
1384 2261 1584 2333 imago!

322 2395 528 2449 Dextra
552 2396 731 2448 minax
754 2396 959 2449 tabulas
984 2395 1142 2466 longa
1166 2394 1368 2449 ratione
1394 2403 1617 2458 notatas,

319 2527 424 2599 (Di
448 2527 597 2580 nobis
622 2526 850 2590 meliora,
878 2521 1252 2596 horroremque
1277 2526 1515 2579 hostibus
1540 2526 1689 2578 illum
1709 2526 1748 2591 1)

319 2658 582 2730 Porrigit:
611 2659 747 2716 ,huic
773 2658 951 2710 similis
977 2658 1207 2711 succedit
1232 2678 1367 2729 pone
1392 2658 1646 2721 minister,

322 2788 522 2842 Fronte
546 2789 699 2852 truci,
727 2789 897 2842 dictus
922 2789 1130 2842 mortali
1155 2790 1364 2843 nomine
1392 2789 1604 2843 Lictor:

324 2919 428 2974 Cui
452 2919 643 2991 digitos
668 2920 801 2972 mira
829 2920 1018 2990 Superi
1043 2921 1240 2974 virtute
1267 2930 1477 2975 tenaces

323 3049 391 3102 In
416 3069 581 3121 genus
607 3060 875 3103 armarunt
901 3060 1139 3103 nostrum
1159 3072 1172 3115 3
1215 3071 1346 3121 quos
1373 3052 1580 3106 debitor
1605 3071 1766 3105 uncos

327 3179 532 3234 Sentiat.
558 3180 746 3233 infixos
771 3181 987 3234 humero
1014 3181 1057 3234 si
1083 3181 1220 3235 forte
1247 3182 1470 3252 sequaci,

322 3309 378 3363 It
403 3329 573 3363 comes
598 3309 779 3363 infelix
819 3313 1005 3381 (eques
1031 3312 1328 3365 incantatus
1353 3321 1414 3364 ut
1441 3312 1608 3382 oli1n‚)
