2418 3944
699 447 783 491 AN
787 448 867 488 ΤΗ
873 446 1097 489 OLOGIA
1142 446 1498 488 OXONIENSIS
1505 475 1516 487 .
1900 447 1957 489 59

439 713 508 766 In
532 714 759 786 magicas
785 714 970 767 clausis
995 715 1224 768 munitas
1249 714 1483 768 turribus
1507 713 1639 767 aedes
1659 735 1671 766 ς

441 825 496 879 N
498 844 557 879 ec
580 825 738 878 miser
764 845 792 878 e
818 826 949 879 duro
973 826 1080 879 labi
1105 825 1319 879 custode
1346 824 1555 888 valebit,

441 934 617 1003 Quam
640 935 786 1007 prius
812 944 903 988 aut
930 936 1087 988 Maiae
1112 936 1297 1006 proleS,
1325 935 1606 1006 inopumve
1631 935 1873 988 misertus

343 1108 346 1110 v
437 1047 656 1118 Jupiter
681 1047 905 1102 aurifero
931 1048 1125 1102 vindex
1149 1048 1475 1103 descenderit
1493 1048 1663 1101 imbri.

1844 1159 1885 1191 B.

1025 1523 1220 1561 XXXII.

969 1635 1270 1696 {Ruhetula

366 1802 658 1856 INGENUAE
684 1804 891 1876 mentis,
918 1805 1218 1876 puleraeque
1244 1804 1524 1859 Rubeeula
1548 1806 1743 1870 formae,

331 1882 334 1885 Δ
440 1894 693 1958 Conviva,
722 1906 776 1949 et
801 1897 991 1949 nostris
1015 1897 1201 1968 hospes
1226 1898 1392 1951 amica
1415 1899 1559 1962 focis,

368 1987 502 2055 Quae
527 1988 722 2058 patrios
747 1989 870 2042 olim
897 2008 1104 2059 campos
1130 1990 1399 2059 saltusque
1424 1991 1693 2060 relinquiS,

439 2081 634 2153 Frigus
658 2082 751 2135 ubi
778 2091 831 2136 et
858 2082 1055 2135 brumae
1083 2084 1263 2136 saevior
1287 2083 1414 2136 hora
1438 2083 1584 2136 venit
1606 2103 1619 2145 3

366 2174 442 2228 Et
467 2185 636 2228 rostro
661 2175 889 2246 primum
915 2176 1127 2246 pulsans
1154 2176 1340 2245 alaque
1366 2175 1669 2240 fenestram,

439 2267 654 2339 Exiguo
680 2268 857 2321 fundis
882 2277 1102 2340 gutture
1129 2269 1282 2323 dulce
1307 2269 1502 2322 melos:

365 2360 598 2430 Jamque
623 2361 734 2432 ipso
759 2362 1026 2433 trepidans
1050 2362 1214 2416 haeres
1238 2363 1294 2414 in
1319 2363 1514 2426 limine,
1537 2363 1757 2433 jamque

441 2453 744 2507 Perlustras
769 2455 928 2508 dubio
953 2455 1152 2509 lumine
1179 2464 1334 2508 cauta
1359 2456 1572 2509 domum
1593 2476 1606 2519 3

366 2546 622 2600 Frustula
645 2555 762 2600 tum
778 2547 979 2618 raptim
1005 2548 1268 2619 excipiens
1294 2549 1493 2602 furtiva
1517 2548 1731 2612 recedis,

440 2639 574 2693 Mox
598 2641 793 2717 repetis
818 2650 1031 2694 tenuem
1059 2662 1163 2694 non
1190 2642 1377 2694 satiata
1402 2642 1606 2704 eibum3

370 2732 676 2804 Hospitium
701 2733 867 2787 donec
892 2743 1168 2803 certosque
1195 2744 1415 2805 experta
1440 2735 1686 2798 Penates,

440 2825 676 2879 Lascivis
701 2835 905 2880 nostros
930 2826 1116 2880 fortior
1140 2836 1263 2880 ante
1288 2827 1460 2898 pedes.

372 2917 498 2970 Huc
522 2918 732 2981 iterum,
759 2918 1003 2991 (hiberno
1029 2919 1227 2990 frigent
1253 2938 1482 2988 namque
1509 2919 1683 2972 omnia
1708 2918 1852 2980 coele,

441 3009 518 3062 Et
542 3010 724 3081 glaeie,
754 3019 807 3063 et
832 3011 1001 3080 posita
1027 3020 1131 3064 stat
1156 3011 1276 3064 nive
1303 3031 1464 3064 canus
1490 3013 1658 3083 ager,)

371 3101 498 3155 Huc
517 3102 743 3155 fidenter
768 3103 889 3156 ades
909 3123 921 3155 ε
963 3123 1069 3156 non
1094 3112 1148 3156 te
1175 3104 1312 3156 mala
1336 3104 1507 3157 vinela
1532 3103 1838 3165 manebunt,

447 3193 552 3248 Sed
576 3194 759 3247 domus
785 3203 838 3248 et
865 3195 1100 3265 simplex,
1130 3205 1183 3248 et
1210 3196 1319 3249 sine
1346 3196 1527 3248 fraude
1556 3196 1734 3248 Lares.

1802 3287 1843 3318 G.
