2418 3944
699 423 1093 466 ANTHOLOGIA
1140 423 1513 466 OXONIENSIS.
1883 427 1967 468 245

1081 773 1219 810 XLV.

390 886 671 960 {autumn
731 889 795 944 an
857 886 1115 961 ἦβιιςηαηι
1167 886 1559 959 profitistenttm
1611 885 1896 959 alloquitur

0 980 17 1063 ἕξ
950 990 1327 1054 Ξῖηῦτοηταεῢε.

392 1161 447 1214 N
450 1177 471 1213 1
498 1170 593 1215 tua
617 1170 671 1215 te
697 1162 906 1214 fervens
931 1160 1115 1222 virtUS,
1144 1159 1389 1221 animose,
1410 1159 1626 1229 juberet

0 1316 5 1330 ι-
0 1253 10 1293 Ἶ-
0 1114 18 1240 r-vv-w--j
0 1063 17 1105 xp„

465 1270 640 1326 Obvia
663 1270 914 1342 belligero
941 1289 1155 1340 corpora
1180 1269 1316 1323 ferre
1341 1269 1498 1340 globo
1519 1289 1532 1332 3

392 1382 517 1436 Non
543 1401 640 1453 ego
666 1391 720 1436 te
746 1382 989 1453 lacrymis
1015 1401 1149 1435 uxor
1174 1381 1418 1452 dignarer
1443 1382 1697 1445 inertem3

466 1491 738 1546 Sterneret
764 1492 982 1562 expulso
1007 1491 1161 1545 corda
1185 1491 1360 1545 dolore
1384 1492 1566 1562 pudor.

390 1602 519 1656 Non
545 1622 642 1674 ego
668 1603 979 1674 degenerem
1004 1603 1148 1656 volui
1172 1603 1500 1671 residemque
1525 1604 1788 1667 maritum,

462 1713 635 1785 Regia
659 1721 768 1766 tam
793 1713 918 1767 forti
944 1722 1112 1783 nupta
1136 1713 1312 1783 puella
1336 1713 1462 1766 viro.

390 1822 436 1886 I,
464 1831 587 1894 pete
613 1832 829 1877 servatae
855 1819 1137 1877 meriturus
1162 1823 1372 1894 praemia
1399 1823 1569 1895 Trojae
1590 1845 1602 1888 3

466 1935 591 1989 Non
617 1954 803 1998 moror,
830 1935 971 1987 haud
997 1935 1097 1988 alia
1121 1943 1241 1988 tuta
1265 1935 1445 1988 futura
1469 1955 1644 1989 manu·

396 2045 479 2099 Sit
505 2045 646 2108 satis,
673 2045 767 2098 ah!
806 2046 1026 2098 nimium
1053 2045 1243 2099 damno
1268 2065 1519 2118 generose
1545 2047 1788 2100 tuorum!

466 2157 640 2225 Quod,
666 2158 837 2228 patria
860 2167 1036 2211 tecum
1062 2159 1269 2229 sospite,
1296 2159 1464 2212 laudis
1487 2159 1675 2213 habes:

391 2268 627 2323 Hectore
653 2289 759 2323 non
784 2289 920 2341 aegre
949 2270 1160 2339 Trojam
1188 2279 1428 2324 servante
1456 2290 1701 2334 carerem,

464 2379 596 2432 Tam
622 2380 809 2451 cupido
834 2390 1015 2434 tantus
1041 2381 1083 2433 si
1108 2381 1232 2434 satis
1257 2390 1392 2434 esset
1417 2381 1594 2435 honos,

390 2492 524 2559 Quae
548 2493 685 2563 rapit
709 2493 764 2545 in
788 2494 1018 2564 planum,
1047 2494 1263 2548 desertis
1288 2495 1559 2558 moenibus,
1588 2514 1780 2565 aequor,

463 2603 629 2668 Caeca,
657 2624 756 2674 nec
779 2606 835 2658 in
860 2606 1072 2659 Danaos
1099 2615 1177 2660 est
1202 2607 1376 2678 gravis
1401 2608 1478 2660 ira
1502 2608 1673 2661 duces,

308 2782 310 2784 Ι
389 2714 548 2768 Unus
574 2735 661 2778 es3
703 2724 783 2769 est
808 2715 1038 2768 numeris
1066 2716 1272 2769 Hector
1298 2715 1635 2786 superabilis:
1676 2714 1811 2768 hosti

460 2826 589 2881 Non
613 2837 784 2890 nocet,
813 2836 892 2881 est
921 2828 1090 2898 Trojae
1115 2829 1349 2898 proditor
1373 2828 1472 2881 iste
1498 2827 1657 2881 furor.

390 2937 519 2992 Heu
539 2938 551 2990 Ῐ
589 2939 796 3007 quoties
820 2939 1031 3009 specula
1055 2949 1390 3010 prospectans
1414 2939 1579 2992 tristis
1605 2938 1670 2991 ab
1697 2939 1804 2991 alta

459 3049 529 3102 In
552 3050 734 3120 patulo
759 3049 881 3103 flevi
905 3051 1082 3120 praelia
1106 3051 1216 3103 visa
1241 3051 1349 3104 solo
1370 3050 1382 3103 1

275 3215 277 3217 ,
312 3167 348 3192 “
378 3159 592 3214 .Hector
610 3161 702 3214 ubi
716 3180 864 3214 meus
879 3161 1028 3214 est‘?”
1052 3162 1177 3224 dixi,
1202 3170 1235 3192 ‘⁶
1248 3162 1393 3214 Num
1408 3169 1610 3231 pugnat
1629 3159 1902 3213 Achilles?

462 3270 583 3324 Ah!
622 3291 804 3325 vereor
829 3272 936 3325 solo
961 3292 1027 3325 ne
1054 3273 1120 3325 sit
1151 3272 1359 3325 Achille
1384 3272 1600 3324 minor.”
1882 3169 2051 3524 ἡ-ΑῙ

1747 3536 1803 3562 Ra
