<?xml version="1.0" encoding="UTF-8"?>
<!DOCTYPE html PUBLIC "-//W3C//DTD XHTML 1.0 Transitional//EN"
    "http://www.w3.org/TR/xhtml1/DTD/xhtml1-transitional.dtd">
<html xmlns="http://www.w3.org/1999/xhtml" xml:lang="en" lang="en">
 <head>
  <title>
</title>
<meta http-equiv="Content-Type" content="text/html;charset=utf-8" />
  <meta name='ocr-system' content='tesseract 3.04.00' />
  <meta name='ocr-capabilities' content='ocr_page ocr_carea ocr_par ocr_line ocrx_word'/>
</head>
<body>
  <div class='ocr_page' id='page_1' title='image "./anthologiaoxonie00linwuoft_0101.png"; bbox 0 0 2418 3944; ppageno 0'>
   <div class='ocr_carea' id='block_1_1' title="bbox 0 0 180 61">
    <p class='ocr_par' dir='ltr' id='par_1_1' title="bbox 0 0 180 61">
     <span class='ocr_line' id='line_1_1' title="bbox 0 0 180 61; baseline 0 3883"><span class='ocrx_word' id='word_1_1' title='bbox 0 0 180 61; x_wconf 95' lang='lat' dir='ltr'> </span> 
     </span>
    </p>
   </div>
   <div class='ocr_carea' id='block_1_2' title="bbox 719 452 1530 496">
    <p class='ocr_par' dir='ltr' id='par_1_2' title="bbox 719 452 1530 496">
     <span class='ocr_line' id='line_1_2' title="bbox 719 452 1530 496; baseline 0 -2"><span class='ocrx_word' id='word_1_2' title='bbox 719 452 1116 496; x_wconf 87' lang='lat' dir='ltr'><strong>ANTHOLOGIA</strong></span> <span class='ocrx_word' id='word_1_3' title='bbox 1158 453 1530 494; x_wconf 87' lang='lat' dir='ltr'>OXONIENSIS.</span> 
     </span>
    </p>
   </div>
   <div class='ocr_carea' id='block_1_3' title="bbox 529 721 1668 2095">
    <p class='ocr_par' dir='ltr' id='par_1_3' title="bbox 529 721 1668 2095">
     <span class='ocr_line' id='line_1_3' title="bbox 532 721 1604 796; baseline 0 -20"><span class='ocrx_word' id='word_1_4' title='bbox 532 725 648 777; x_wconf 87' lang='grc' dir='ltr'>Νῦν</span> <span class='ocrx_word' id='word_1_5' title='bbox 672 721 737 776; x_wconf 84' lang='grc' dir='ltr'>ἴθ’</span> <span class='ocrx_word' id='word_1_6' title='bbox 768 723 1069 796; x_wconf 87' lang='grc' dir='ltr'>(οἰκτίρμων</span> <span class='ocrx_word' id='word_1_7' title='bbox 1092 745 1158 792; x_wconf 84' lang='grc' dir='ltr'>με</span> <span class='ocrx_word' id='word_1_8' title='bbox 1182 724 1306 777; x_wconf 84' lang='grc' dir='ltr'>τέως</span> <span class='ocrx_word' id='word_1_9' title='bbox 1331 723 1358 776; x_wconf 90' lang='grc' dir='ltr'>ὁ</span> <span class='ocrx_word' id='word_1_10' title='bbox 1386 724 1604 791; x_wconf 88' lang='grc' dir='ltr'>Δαίμων</span> 
     </span>
     <span class='ocr_line' id='line_1_4' title="bbox 532 814 1462 890; baseline 0.001 -21"><span class='ocrx_word' id='word_1_11' title='bbox 532 815 671 870; x_wconf 83' lang='grc' dir='ltr'>τάνδ’</span> <span class='ocrx_word' id='word_1_12' title='bbox 697 816 911 887; x_wconf 82' lang='grc' dir='ltr'>ἐραμίαν</span> <span class='ocrx_word' id='word_1_13' title='bbox 935 817 1170 890; x_wconf 81' lang='grc' dir='ltr'>φοβερὰν</span> <span class='ocrx_word' id='word_1_14' title='bbox 1193 814 1462 870; x_wconf 81' lang='grc' dir='ltr'>ἐνοικοῦντ’</span> 
     </span>
     <span class='ocr_line' id='line_1_5' title="bbox 531 906 1597 982; baseline -0.001 -20"><span class='ocrx_word' id='word_1_15' title='bbox 531 906 616 962; x_wconf 89' lang='grc' dir='ltr'>ὧδ’</span> <span class='ocrx_word' id='word_1_16' title='bbox 642 908 864 982; x_wconf 84' lang='grc' dir='ltr'><em>ἀνίσχει,</em></span> <span class='ocrx_word' id='word_1_17' title='bbox 892 913 1053 978; x_wconf 82' lang='grc' dir='ltr'><em>πῶμα</em></span> <span class='ocrx_word' id='word_1_18' title='bbox 1077 909 1279 964; x_wconf 85' lang='grc' dir='ltr'>πάθους</span> <span class='ocrx_word' id='word_1_19' title='bbox 1303 907 1407 962; x_wconf 86' lang='grc' dir='ltr'>τόδ’</span> <span class='ocrx_word' id='word_1_20' title='bbox 1435 909 1597 962; x_wconf 82' lang='grc' dir='ltr'><em>ὕστα-</em></span> 
     </span>
     <span class='ocr_line' id='line_1_6' title="bbox 1186 1001 1668 1074; baseline 0.002 -20"><span class='ocrx_word' id='word_1_21' title='bbox 1186 1024 1313 1066; x_wconf 86' lang='grc' dir='ltr'>-τον,</span> <span class='ocrx_word' id='word_1_22' title='bbox 1343 1001 1458 1055; x_wconf 85' lang='grc' dir='ltr'>τόδε</span> <span class='ocrx_word' id='word_1_23' title='bbox 1482 1003 1668 1074; x_wconf 85' lang='grc' dir='ltr'>πικρὸν</span> 
     </span>
     <span class='ocr_line' id='line_1_7' title="bbox 529 1094 1451 1164; baseline 0.001 -16"><span class='ocrx_word' id='word_1_24' title='bbox 529 1094 769 1159; x_wconf 82' lang='grc' dir='ltr'>ἐκπιόντ’,</span> <span class='ocrx_word' id='word_1_25' title='bbox 797 1095 857 1149; x_wconf 84' lang='grc' dir='ltr'>οὗ</span> <span class='ocrx_word' id='word_1_26' title='bbox 879 1095 1082 1164; x_wconf 86' lang='grc' dir='ltr'>μήποτε</span> <span class='ocrx_word' id='word_1_27' title='bbox 1105 1095 1353 1163; x_wconf 66' lang='grc' dir='ltr'>«γεύσεταί</span> <span class='ocrx_word' id='word_1_28' title='bbox 1372 1119 1451 1150; x_wconf 88' lang='grc' dir='ltr'>τις</span> 
     </span>
     <span class='ocr_line' id='line_1_8' title="bbox 531 1188 1472 1260; baseline 0.001 -18"><span class='ocrx_word' id='word_1_29' title='bbox 531 1188 703 1260; x_wconf 83' lang='grc' dir='ltr'>αὖθις)</span> <span class='ocrx_word' id='word_1_30' title='bbox 728 1189 964 1258; x_wconf 60' lang='grc' dir='ltr'>ἀκγνγελῶν</span> <span class='ocrx_word' id='word_1_31' title='bbox 990 1189 1062 1243; x_wconf 82' lang='grc' dir='ltr'>ἴθι</span> <span class='ocrx_word' id='word_1_32' title='bbox 1087 1189 1259 1243; x_wconf 81' lang='grc' dir='ltr'>Νυκτὶ</span> <span class='ocrx_word' id='word_1_33' title='bbox 1284 1192 1348 1259; x_wconf 84' lang='grc' dir='ltr'>τῇ</span> <span class='ocrx_word' id='word_1_34' title='bbox 1375 1189 1472 1243; x_wconf 86' lang='grc' dir='ltr'>σὸν</span> 
     </span>
     <span class='ocr_line' id='line_1_9' title="bbox 531 1281 1607 1355; baseline 0.001 -21"><span class='ocrx_word' id='word_1_35' title='bbox 531 1281 674 1349; x_wconf 83' lang='grc' dir='ltr'><em>ὄμμα</em></span> <span class='ocrx_word' id='word_1_36' title='bbox 698 1281 966 1353; x_wconf 73' lang='grc' dir='ltr'>κρυψοίσῃ</span> <span class='ocrx_word' id='word_1_37' title='bbox 990 1282 1148 1355; x_wconf 83' lang='grc' dir='ltr'><em>τάχα,</em></span> <span class='ocrx_word' id='word_1_38' title='bbox 1177 1282 1264 1335; x_wconf 83' lang='grc' dir='ltr'>καὶ</span> <span class='ocrx_word' id='word_1_39' title='bbox 1287 1281 1397 1350; x_wconf 62' lang='grc' dir='ltr'>λέγ’</span> <span class='ocrx_word' id='word_1_40' title='bbox 1426 1283 1494 1337; x_wconf 89' lang='grc' dir='ltr'>ὡς</span> <span class='ocrx_word' id='word_1_41' title='bbox 1517 1282 1607 1336; x_wconf 88' lang='grc' dir='ltr'>τὸν</span> 
     </span>
     <span class='ocr_line' id='line_1_10' title="bbox 1186 1375 1624 1429; baseline 0.005 -2"><span class='ocrx_word' id='word_1_42' title='bbox 1186 1375 1425 1429; x_wconf 79' lang='grc' dir='ltr'>λοίσθιον</span> <span class='ocrx_word' id='word_1_43' title='bbox 1448 1377 1506 1428; x_wconf 80' lang='grc' dir='ltr'>ἐκ</span> <span class='ocrx_word' id='word_1_44' title='bbox 1530 1378 1624 1429; x_wconf 82' lang='grc' dir='ltr'>τᾶς</span> 
     </span>
     <span class='ocr_line' id='line_1_11' title="bbox 532 1466 1474 1540; baseline 0.002 -20"><span class='ocrx_word' id='word_1_45' title='bbox 532 1471 736 1539; x_wconf 86' lang='grc' dir='ltr'>πρῶτος</span> <span class='ocrx_word' id='word_1_46' title='bbox 759 1467 824 1521; x_wconf 76' lang='grc' dir='ltr'>ἂν</span> <span class='ocrx_word' id='word_1_47' title='bbox 850 1466 1086 1536; x_wconf 85' lang='grc' dir='ltr'>”Αδαμος</span> <span class='ocrx_word' id='word_1_48' title='bbox 1110 1466 1271 1540; x_wconf 81' lang='grc' dir='ltr'>ἔφυσε</span> <span class='ocrx_word' id='word_1_49' title='bbox 1294 1468 1474 1536; x_wconf 67' lang='grc' dir='ltr'>’γέννας</span> 
     </span>
     <span class='ocr_line' id='line_1_12' title="bbox 533 1559 1443 1632; baseline 0 -18"><span class='ocrx_word' id='word_1_50' title='bbox 533 1559 658 1614; x_wconf 84' lang='grc' dir='ltr'>εἶδες</span> <span class='ocrx_word' id='word_1_51' title='bbox 680 1563 735 1614; x_wconf 82' lang='grc' dir='ltr'>ἐν</span> <span class='ocrx_word' id='word_1_52' title='bbox 757 1565 906 1629; x_wconf 72' lang='grc' dir='ltr'>γυαῖς</span> <span class='ocrx_word' id='word_1_53' title='bbox 932 1559 1322 1632; x_wconf 65' lang='grc' dir='ltr'>νεκροδέγμονος</span> <span class='ocrx_word' id='word_1_54' title='bbox 1344 1564 1443 1629; x_wconf 61' lang='grc' dir='ltr'>«γᾶς</span> 
     </span>
     <span class='ocr_line' id='line_1_13' title="bbox 534 1652 1444 1726; baseline 0.001 -20"><span class='ocrx_word' id='word_1_55' title='bbox 534 1652 633 1706; x_wconf 83' lang='grc' dir='ltr'>ὧδέ</span> <span class='ocrx_word' id='word_1_56' title='bbox 655 1675 741 1706; x_wconf 92' lang='grc' dir='ltr'>σοι</span> <span class='ocrx_word' id='word_1_57' title='bbox 767 1652 1098 1726; x_wconf 84' lang='grc' dir='ltr'>καυχώμενον</span> <span class='ocrx_word' id='word_1_58' title='bbox 1121 1653 1348 1721; x_wconf 82' lang='grc' dir='ltr'>ἀμβοᾶν,</span> <span class='ocrx_word' id='word_1_59' title='bbox 1376 1654 1444 1707; x_wconf 90' lang='grc' dir='ltr'>ὡς</span> 
     </span>
     <span class='ocr_line' id='line_1_14' title="bbox 1190 1744 1634 1819; baseline 0.002 -21"><span class='ocrx_word' id='word_1_60' title='bbox 1190 1744 1292 1799; x_wconf 73' lang='grc' dir='ltr'>εὗδ’</span> <span class='ocrx_word' id='word_1_61' title='bbox 1320 1745 1442 1800; x_wconf 86' lang='grc' dir='ltr'>ὅλος</span> <span class='ocrx_word' id='word_1_62' title='bbox 1466 1745 1634 1819; x_wconf 74' lang='grc' dir='ltr'>ὄρφνα</span> 
     </span>
     <span class='ocr_line' id='line_1_15' title="bbox 535 1837 1551 1912; baseline 0.001 -21"><span class='ocrx_word' id='word_1_63' title='bbox 535 1837 815 1912; x_wconf 64' lang='grc' dir='ltr'>συγχυθεὶς</span> <span class='ocrx_word' id='word_1_64' title='bbox 841 1837 1036 1907; x_wconf 86' lang='grc' dir='ltr'>κόσμος</span> <span class='ocrx_word' id='word_1_65' title='bbox 1055 1839 1243 1912; x_wconf 73' lang='grc' dir='ltr'>σκοτία</span> <span class='ocrx_word' id='word_1_66' title='bbox 1268 1838 1458 1892; x_wconf 88' lang='grc' dir='ltr'>δύναιτ’</span> <span class='ocrx_word' id='word_1_67' title='bbox 1486 1839 1551 1892; x_wconf 84' lang='grc' dir='ltr'>ἂν</span> 
     </span>
     <span class='ocr_line' id='line_1_16' title="bbox 533 1930 1516 2002; baseline 0.002 -19"><span class='ocrx_word' id='word_1_68' title='bbox 533 1930 567 1999; x_wconf 85' lang='grc' dir='ltr'>ἢ</span> <span class='ocrx_word' id='word_1_69' title='bbox 592 1930 791 1996; x_wconf 82' lang='grc' dir='ltr'><em>σβέσαι</em></span> <span class='ocrx_word' id='word_1_70' title='bbox 815 1931 909 1985; x_wconf 83' lang='grc' dir='ltr'>τὰν</span> <span class='ocrx_word' id='word_1_71' title='bbox 934 1931 1157 2002; x_wconf 81' lang='grc' dir='ltr'>ἄφθιτον</span> <span class='ocrx_word' id='word_1_72' title='bbox 1180 1930 1349 1985; x_wconf 80' lang='grc' dir='ltr'>ἐλπίδ’</span> <span class='ocrx_word' id='word_1_73' title='bbox 1376 1930 1516 1985; x_wconf 76' lang='grc' dir='ltr'>ἔνδον</span> 
     </span>
     <span class='ocr_line' id='line_1_17' title="bbox 535 2023 1440 2095; baseline 0.001 -19"><span class='ocrx_word' id='word_1_74' title='bbox 535 2023 783 2087; x_wconf 82' lang='grc' dir='ltr'>σταθέων,</span> <span class='ocrx_word' id='word_1_75' title='bbox 811 2023 844 2091; x_wconf 86' lang='grc' dir='ltr'>ἢ</span> <span class='ocrx_word' id='word_1_76' title='bbox 870 2026 944 2095; x_wconf 79' lang='grc' dir='ltr'>τῷ</span> <span class='ocrx_word' id='word_1_77' title='bbox 968 2025 1086 2095; x_wconf 80' lang='grc' dir='ltr'>Θεῷ</span> <span class='ocrx_word' id='word_1_78' title='bbox 1110 2024 1165 2077; x_wconf 77' lang='grc' dir='ltr'>εὖ</span> <span class='ocrx_word' id='word_1_79' title='bbox 1189 2023 1440 2077; x_wconf 75' lang='grc' dir='ltr'>πεποιθὸς</span> 
     </span>
    </p>
   </div>
   <div class='ocr_carea' id='block_1_4' title="bbox 1188 2116 1882 2243">
    <p class='ocr_par' dir='ltr' id='par_1_4' title="bbox 1188 2116 1882 2243">
     <span class='ocr_line' id='line_1_18' title="bbox 1188 2116 1638 2188; baseline 0.002 -19"><span class='ocrx_word' id='word_1_80' title='bbox 1188 2121 1284 2188; x_wconf 87' lang='grc' dir='ltr'>κῆρ</span> <span class='ocrx_word' id='word_1_81' title='bbox 1311 2116 1638 2188; x_wconf 83' lang='grc' dir='ltr'>στυφελίξαι.</span> 
     </span>
     <span class='ocr_line' id='line_1_19' title="bbox 1768 2210 1882 2243; baseline 0.009 -1"><span class='ocrx_word' id='word_1_82' title='bbox 1768 2210 1815 2243; x_wconf 78' lang='lat' dir='ltr'>H.</span> <span class='ocrx_word' id='word_1_83' title='bbox 1834 2210 1882 2243; x_wconf 84' lang='lat' dir='ltr'>H.</span> 
     </span>
    </p>
   </div>
   <div class='ocr_carea' id='block_1_5' title="bbox 1086 2446 1182 2483">
    <p class='ocr_par' dir='ltr' id='par_1_5' title="bbox 1086 2446 1182 2483">
     <span class='ocr_line' id='line_1_20' title="bbox 1086 2446 1182 2483; baseline 0.01 -1"><span class='ocrx_word' id='word_1_84' title='bbox 1086 2446 1182 2483; x_wconf 84' lang='lat' dir='ltr'>XL.</span> 
     </span>
    </p>
   </div>
   <div class='ocr_carea' id='block_1_6' title="bbox 992 2542 1281 2602">
    <p class='ocr_par' dir='ltr' id='par_1_6' title="bbox 992 2542 1281 2602">
     <span class='ocr_line' id='line_1_21' title="bbox 992 2542 1281 2602; baseline -0.01 0"><span class='ocrx_word' id='word_1_85' title='bbox 992 2542 1281 2602; x_wconf 63' lang='grc' dir='ltr'>ἷὶεοηίῦειει.</span> 
     </span>
    </p>
   </div>
   <div class='ocr_carea' id='block_1_7' title="bbox 330 2677 1816 3217">
    <p class='ocr_par' dir='ltr' id='par_1_7' title="bbox 330 2677 1816 3217">
     <span class='ocr_line' id='line_1_22' title="bbox 330 2677 1815 2771; baseline 0 -18"><span class='ocrx_word' id='word_1_86' title='bbox 330 2687 334 2691; x_wconf 20' lang='lat' dir='ltr'>f</span> <span class='ocrx_word' id='word_1_87' title='bbox 389 2697 645 2753; x_wconf 79' lang='lat' dir='ltr'>GRANDE</span> <span class='ocrx_word' id='word_1_88' title='bbox 673 2677 1002 2754; x_wconf 81' lang='lat' dir='ltr'>Leonideum</span> <span class='ocrx_word' id='word_1_89' title='bbox 1027 2701 1320 2771; x_wconf 80' lang='lat' dir='ltr'>projectum</span> <span class='ocrx_word' id='word_1_90' title='bbox 1344 2700 1399 2752; x_wconf 87' lang='lat' dir='ltr'>in</span> <span class='ocrx_word' id='word_1_91' title='bbox 1425 2701 1602 2754; x_wconf 82' lang='lat' dir='ltr'>littore</span> <span class='ocrx_word' id='word_1_92' title='bbox 1628 2720 1815 2771; x_wconf 77' lang='lat' dir='ltr'>eorpus</span> 
     </span>
     <span class='ocr_line' id='line_1_23' title="bbox 455 2809 1469 2881; baseline 0.001 -19"><span class='ocrx_word' id='word_1_93' title='bbox 455 2809 667 2864; x_wconf 82' lang='lat' dir='ltr'><strong>Xerxes</strong></span> <span class='ocrx_word' id='word_1_94' title='bbox 692 2828 954 2881; x_wconf 84' lang='lat' dir='ltr'>purpurea</span> <span class='ocrx_word' id='word_1_95' title='bbox 978 2819 1123 2864; x_wconf 77' lang='lat' dir='ltr'>veste</span> <span class='ocrx_word' id='word_1_96' title='bbox 1149 2811 1260 2881; x_wconf 83' lang='lat' dir='ltr'>tegi</span> <span class='ocrx_word' id='word_1_97' title='bbox 1284 2810 1469 2863; x_wconf 87' lang='lat' dir='ltr'>voluit.</span> 
     </span>
     <span class='ocr_line' id='line_1_24' title="bbox 384 2920 1640 2994; baseline 0.001 -21"><span class='ocrx_word' id='word_1_98' title='bbox 384 2920 465 2974; x_wconf 89' lang='lat' dir='ltr'>At</span> <span class='ocrx_word' id='word_1_99' title='bbox 490 2942 594 2975; x_wconf 85' lang='lat' dir='ltr'>vox</span> <span class='ocrx_word' id='word_1_100' title='bbox 619 2942 647 2976; x_wconf 92' lang='lat' dir='ltr'>e</span> <span class='ocrx_word' id='word_1_101' title='bbox 673 2931 814 2976; x_wconf 84' lang='lat' dir='ltr'>terra</span> <span class='ocrx_word' id='word_1_102' title='bbox 838 2932 917 2976; x_wconf 80' lang='lat' dir='ltr'>est</span> <span class='ocrx_word' id='word_1_103' title='bbox 942 2923 1127 2994; x_wconf 79' lang='lat' dir='ltr'>ingens</span> <span class='ocrx_word' id='word_1_104' title='bbox 1153 2923 1347 2985; x_wconf 84' lang='lat' dir='ltr'>audita,</span> <span class='ocrx_word' id='word_1_105' title='bbox 1378 2930 1411 2953; x_wconf 85' lang='lat'><em>“</em></span> <span class='ocrx_word' id='word_1_106' title='bbox 1430 2922 1640 2975; x_wconf 78' lang='lat' dir='ltr'>Recuso</span> 
     </span>
     <span class='ocr_line' id='line_1_25' title="bbox 459 3032 1670 3106; baseline -0.002 -20"><span class='ocrx_word' id='word_1_107' title='bbox 459 3032 594 3101; x_wconf 82' lang='lat' dir='ltr'>Quae</span> <span class='ocrx_word' id='word_1_108' title='bbox 617 3034 790 3087; x_wconf 79' lang='lat' dir='ltr'>laesam</span> <span class='ocrx_word' id='word_1_109' title='bbox 815 3043 1096 3106; x_wconf 81' lang='lat' dir='ltr'>arguerent</span> <span class='ocrx_word' id='word_1_110' title='bbox 1122 3034 1298 3104; x_wconf 82' lang='lat' dir='ltr'>turpia</span> <span class='ocrx_word' id='word_1_111' title='bbox 1322 3033 1458 3086; x_wconf 89' lang='lat' dir='ltr'>dona</span> <span class='ocrx_word' id='word_1_112' title='bbox 1480 3032 1638 3086; x_wconf 91' lang='lat' dir='ltr'>fidem</span> <span class='ocrx_word' id='word_1_113' title='bbox 1658 3052 1670 3084; x_wconf 77' lang='lat' dir='ltr'><em>z</em></span> 
     </span>
     <span class='ocr_line' id='line_1_26' title="bbox 388 3144 1816 3217; baseline -0.003 -18"><span class='ocrx_word' id='word_1_114' title='bbox 388 3145 481 3199; x_wconf 88' lang='lat' dir='ltr'>Nil</span> <span class='ocrx_word' id='word_1_115' title='bbox 504 3146 632 3198; x_wconf 80' lang='lat' dir='ltr'>mihi</span> <span class='ocrx_word' id='word_1_116' title='bbox 657 3166 777 3200; x_wconf 85' lang='lat' dir='ltr'>eum</span> <span class='ocrx_word' id='word_1_117' title='bbox 803 3147 996 3210; x_wconf 76' lang='lat' dir='ltr'>PersiS,</span> <span class='ocrx_word' id='word_1_118' title='bbox 1024 3146 1240 3217; x_wconf 80' lang='lat' dir='ltr'>clypeus</span> <span class='ocrx_word' id='word_1_119' title='bbox 1266 3154 1346 3198; x_wconf 80' lang='lat' dir='ltr'>sat</span> <span class='ocrx_word' id='word_1_120' title='bbox 1371 3145 1532 3197; x_wconf 80' lang='lat' dir='ltr'>funus</span> <span class='ocrx_word' id='word_1_121' title='bbox 1556 3144 1816 3206; x_wconf 82' lang='lat' dir='ltr'>honestat,</span> 
     </span>
    </p>
   </div>
   <div class='ocr_carea' id='block_1_8' title="bbox 458 3256 1614 3311">
    <p class='ocr_par' dir='ltr' id='par_1_8' title="bbox 458 3256 1614 3311">
     <span class='ocr_line' id='line_1_27' title="bbox 458 3256 1614 3311; baseline 0 -3"><span class='ocrx_word' id='word_1_122' title='bbox 458 3256 557 3310; x_wconf 92' lang='lat' dir='ltr'>Ibo</span> <span class='ocrx_word' id='word_1_123' title='bbox 582 3257 739 3311; x_wconf 86' lang='lat' dir='ltr'>etiam</span> <span class='ocrx_word' id='word_1_124' title='bbox 765 3257 831 3310; x_wconf 89' lang='lat' dir='ltr'>ad</span> <span class='ocrx_word' id='word_1_125' title='bbox 854 3277 1032 3311; x_wconf 82' lang='lat' dir='ltr'>manes</span> <span class='ocrx_word' id='word_1_126' title='bbox 1057 3266 1119 3310; x_wconf 92' lang='lat' dir='ltr'>ut</span> <span class='ocrx_word' id='word_1_127' title='bbox 1146 3256 1614 3310; x_wconf 80' lang='lat' dir='ltr'>LaeedaemoniUS.”</span> 
     </span>
    </p>
   </div>
   <div class='ocr_carea' id='block_1_9' title="bbox 407 3539 1293 3544">
    <p class='ocr_par' dir='ltr' id='par_1_9' title="bbox 407 3539 1293 3544">
     <span class='ocr_line' id='line_1_28' title="bbox 407 3539 1293 3544; baseline 0 0"><span class='ocrx_word' id='word_1_128' title='bbox 407 3539 1293 3544; x_wconf 95' lang='lat' dir='ltr'> </span> 
     </span>
    </p>
   </div>
   <div class='ocr_carea' id='block_1_10' title="bbox 659 3540 1293 3544">
    <p class='ocr_par' dir='ltr' id='par_1_10' title="bbox 659 3540 1293 3544">
     <span class='ocr_line' id='line_1_29' title="bbox 659 3540 1293 3544; baseline 0 0"><span class='ocrx_word' id='word_1_129' title='bbox 659 3540 1293 3544; x_wconf 95' lang='lat' dir='ltr'> </span> 
     </span>
    </p>
   </div>
   <div class='ocr_carea' id='block_1_11' title="bbox 1916 452 1970 495">
    <p class='ocr_par' dir='ltr' id='par_1_11' title="bbox 1916 452 1970 495">
     <span class='ocr_line' id='line_1_30' title="bbox 1916 452 1970 495; baseline -0.037 0"><span class='ocrx_word' id='word_1_130' title='bbox 1916 452 1970 495; x_wconf 88' lang='lat'>75</span> 
     </span>
    </p>
   </div>
   <div class='ocr_carea' id='block_1_12' title="bbox 2054 416 2059 1490">
    <p class='ocr_par' dir='ltr' id='par_1_12' title="bbox 2054 416 2059 1490">
     <span class='ocr_line' id='line_1_31' title="bbox 2054 416 2059 1490; baseline 0 0"><span class='ocrx_word' id='word_1_131' title='bbox 2054 416 2059 1490; x_wconf 95' lang='lat' dir='ltr'> </span> 
     </span>
    </p>
   </div>
  </div>
 </body>
</html>
