2418 3944
462 442 549 483 240

871 443 1268 485 ANTHOLOGIA
1313 444 1687 485 OXONIENSIS.

1215 768 1427 804 XXXIX.
2233 750 2237 831 Ι

1064 879 1277 953 {hellas
1316 882 1540 940 retihfha.

832 992 977 1036 Dulce
999 1000 1045 1036 et
1065 995 1275 1037 decorum
1296 1001 1363 1038 est
1383 1010 1463 1053 pro
1485 995 1629 1053 patria
1657 994 1779 1038 mori.

554 1109 937 1163 BARBARICAS
963 1130 1088 1182 ergo
1113 1111 1288 1164 trahat
1314 1131 1465 1181 aequa
1490 1120 1666 1165 mente
1693 1119 1902 1164 catenas

629 1215 848 1279 Graeeia,
876 1235 974 1270 nee
999 1217 1227 1287 priscum
1252 1227 1401 1271 curet
1427 1219 1596 1271 inulta
1621 1218 1816 1271 decus?

555 1326 757 1396 Magna
784 1327 955 1380 virfim
982 1327 1246 1396 quondam
1271 1329 1531 1399 genetrix,
1561 1348 1626 1381 ne
1654 1337 1807 1398 capta
1832 1327 2084 1396 quieseaS,

635 1438 739 1492 Sed
767 1439 937 1508 potior
963 1458 1112 1492 servo
1138 1458 1277 1505 mors
1304 1439 1372 1492 sit
1399 1439 1616 1493 honesta
1634 1441 1780 1509 jugo.
1803 1462 1806 1464 ’

563 1547 732 1619 Surge
760 1549 885 1619 agel
917 1550 1029 1619 jam
1054 1549 1265 1612 resides,
1293 1549 1525 1603 imbellia
1551 1550 1721 1612 corda,
1750 1557 1983 1619 nepotes,

632 1659 818 1726 Qualis
845 1669 974 1723 erat,
1003 1660 1172 1713 virtus
1197 1660 1380 1714 reddat
1407 1661 1550 1713 avita
1582 1681 1763 1714 mares.

559 1772 671 1824 Vos
699 1772 872 1834 etiam,
901 1792 932 1825 ο
958 1772 1121 1825 fortes
1148 1772 1347 1835 animae,
1377 1792 1508 1841 quos
1541 1771 1730 1842 Sparta
1754 1780 2017 1825 trecentos

631 1884 861 1937 Persidis
887 1885 1130 1955 opposuit
1156 1885 1387 1937 millibus
1414 1905 1519 1937 una
1543 1904 1723 1955 pares3

556 1995 830 2064 Rumpite,
860 1995 903 2048 si
928 1996 1004 2047 fas
1031 2004 1126 2059 est,
1155 1996 1323 2066 pulcri
1349 1997 1456 2049 alta
1482 1997 1690 2049 silentia
1714 1997 1825 2060 leti,

633 2106 798 2158 Malia
821 2106 1149 2177 gramineum
1176 2126 1282 2176 qua
1306 2108 1448 2160 lavat
1473 2108 1614 2160 unda
1650 2117 1839 2161 torum.

558 2216 754 2279 Dicite,
785 2224 819 2247 ‘⁶
841 2217 963 2269 Non
989 2217 1165 2270 hostes
1191 2227 1432 2271 numerat
1459 2239 1711 2289 generosa
1735 2228 1987 2290 tyrannos

631 2329 842 2391 Libera,
872 2329 998 2381 dum
1025 2330 1183 2392 vivet,
1213 2351 1373 2400 parva
1399 2330 1578 2383 futura
1601 2332 1834 2383 manus.”

558 2439 753 2502 Fallor,
782 2458 848 2491 an
875 2458 1027 2492 omen
1053 2440 1231 2492 inest?
1271 2449 1340 2503 et,
1370 2460 1487 2510 quae
1513 2441 1715 2510 loquor,
1744 2450 1964 2512 occupat
1992 2441 2132 2495 ultro

633 2550 837 2605 Graeeia
862 2551 1078 2603 desueta
1104 2570 1217 2603 sera
1233 2551 1420 2620 jubere
1456 2553 1625 2604 tuba?
1945 2534 1947 2538 V

559 2662 810 2715 Faustior
835 2661 1026 2730 AEgaeo
1052 2661 1227 2731 fragor
1252 2661 1295 2713 it
1321 2681 1477 2732 super
1502 2681 1709 2730 aequore
1735 2662 1877 2725 belli,

638 2776 889 2828 Faustior
914 2775 956 2827 it
982 2774 1105 2828 belli
1130 2784 1274 2827 mota
1297 2794 1392 2844 per
1417 2795 1541 2827 arva
1566 2775 1754 2845 fragor.

562 2886 719 2942 Clara
747 2887 854 2949 diu,
882 2905 912 2938 o
939 2886 1068 2938 felix
1095 2886 1374 2955 quondam,
1401 2886 1712 2956 pulcerrima
1737 2905 1940 2956 semper

635 2996 854 3059 Graeeia,
883 2997 1061 3050 Pierio
1087 3016 1290 3067 semper
1316 2998 1534 3050 amanda
1559 2997 1744 3050 choro!

564 3109 928 3178 Thermopylae
953 3107 1170 3161 memori
1195 3108 1330 3160 vires
1358 3108 1748 3176 Marathonque
1774 3108 2103 3172 ministrent3

637 3219 864 3287 Quaque
890 3218 1030 3281 lieet,
1058 3226 1233 3270 tantos
1259 3217 1416 3287 digna
1441 3237 1637 3270 merere
1665 3227 1852 3287 patres.

2010 3327 2050 3359 B.
