2418 3944
655 394 740 434 AN
741 393 1050 435 THOLOGIA
1093 394 1466 435 OXONIENSIS'.
1829 397 1913 438 287

362 647 571 727 'Ipsum
597 663 790 720 autem,
812 658 924 726 jam
950 676 1091 710 nunc
1117 656 1295 727 magni
1321 657 1572 726 praesagia
1599 657 1723 710 belli

457 765 793 836 Captantem,
823 775 877 819 et
902 767 1052 819 famae
1078 765 1257 819 debita
1281 767 1390 819 fata
1416 787 1538 829 suae,

384 880 606 933 Peliden
631 880 750 943 ciet,
780 889 833 933 et
859 899 1082 950 puerum
1108 879 1162 930 in
1189 879 1356 949 prima
1381 879 1554 931 induit
1582 899 1741 942 arma,

456 991 624 1045 Arma
648 993 773 1046 olim
804 991 1069 1045 Hectorea
1094 991 1421 1044 nobilitanda
1447 1011 1588 1045 nece.

1016 1359 1096 1395 IV.

726 1468 825 1528 Qu
862 1470 1005 1525 netur
1044 1467 1399 1541 &sympathia

988 1603 1109 1642 ΛΝΒ.

307 1695 454 1748 DUM
481 1695 725 1749 Panthea
750 1696 924 1748 virum
949 1695 1279 1767 fulgentibus
1303 1696 1519 1748 instruit
1546 1696 1719 1759 armis,

381 1815 415 1839 “
432 1807 680 1879 Accipe,”
705 1810 794 1872 ait,
825 1817 857 1839 “
874 1819 1085 1862 sanctus
1113 1830 1230 1879 quae
1257 1810 1355 1863 tibi
1381 1819 1594 1880 praestat
1619 1830 1778 1863 amor.

306 1919 441 1973 Haec
465 1920 566 1974 tibi
591 1941 708 1991 quae
733 1921 899 1973 fidum
923 1921 1078 1974 lateri
1104 1941 1247 1974 nunc
1273 1921 1471 1992 adligat
1499 1941 1692 1984 ensem,

383 2030 549 2085 Sueta
573 2032 698 2085 olim
724 2040 804 2085 est
830 2041 1035 2085 nostros
1061 2033 1272 2103 cingere
1300 2051 1432 2084 zona
1450 2032 1625 2094 sinus3

307 2141 548 2212 Quaeque
572 2142 672 2196 tibi
698 2152 882 2196 aurata
906 2164 1048 2196 nunc
1073 2145 1253 2214 pluma
1279 2145 1333 2196 in
1360 2143 1556 2197 casside
1582 2152 1753 2206 nutat,

375 2253 622 2325 Implicui
647 2255 781 2308 hanc
806 2256 1028 2326 propriis
1053 2257 1172 2326 plus
1199 2257 1360 2309 semel
1386 2256 1501 2326 ipsa
1526 2256 1700 2309 comis.

303 2365 542 2436 Jamque
566 2367 667 2420 tibi
693 2367 1024 2439 chlamydem
1050 2368 1217 2422 nectit
1244 2367 1542 2439 spectabilis
1569 2386 1696 2419 auro

375 2477 586 2555 Fibula,
615 2499 732 2548 quae
759 2489 932 2533 vestes
958 2480 1147 2534 nexuit
1174 2489 1298 2534 ante
1324 2499 1480 2533 mea-S.

302 2588 356 2642 N
358 2607 418 2642 ec
442 2588 705 2660 chlamydi
729 2591 897 2645 deerit
924 2611 1018 2644 sua
1042 2592 1227 2662 gratia,
1256 2610 1379 2643 nam
1404 2589 1502 2643 tibi
1529 2598 1706 2642 nostra

373 2700 532 2754 Hanc
557 2692 772 2772 quoque
799 2703 979 2756 solerti
1005 2704 1226 2756 dextera
1251 2703 1425 2773 pinxit
1452 2723 1563 2755 acn.

301 2805 450 2874 Quin
475 2815 530 2860 et
554 2807 723 2860 multa
748 2808 846 2861 tibi
871 2809 1044 2862 loricae
1069 2810 1125 2861 in
1150 2810 1403 2881 margine,
1431 2817 1610 2861 nostro

375 2915 509 2984 Quae
535 2918 697 2971 nituit
722 2921 987 2988 quondam
1013 2920 1068 2971 in
1095 2929 1307 2990 pectore
1333 2939 1557 2990 gemma,
1586 2919 1738 2972 nitet.

299 3027 591 3098 Nunquam
608 3030 753 3093 ade0,
773 3050 1103 3101 quaecunque
1130 3041 1307 3084 movet
1329 3031 1427 3084 tibi
1448 3031 1630 3101 proclia
1648 3030 1880 3092 Mavors,

375 3140 627 3195 Pantheae
653 3143 847 3213 poteris
873 3163 979 3197 non
1005 3163 1202 3196 memor
1228 3163 1338 3196 esse
1365 3142 1517 3195 tuae.”
