2418 3944
0 3885 50 3944 &³3²2
58 3939 59 3944 ,

704 447 1099 489 ANTHOLOGIA
1142 447 1517 488 OXONIENSIS.

1036 700 1200 736 XXVI.

372 946 460 999 AC
487 945 670 1003 veluti,
699 963 865 1013 quum
897 943 1030 997 Solis
1057 962 1218 1011 equos
1244 942 1441 1012 accepit
1467 942 1677 995 anhelos

369 1057 593 1120 TauruS,
621 1075 847 1127 apesque
873 1075 1008 1108 novo
1024 1055 1135 1124 jam
1160 1054 1326 1124 prima
1352 1054 1590 1107 examina
1614 1074 1737 1107 vere

367 1169 603 1223 Emisere
629 1168 776 1232 favis,
803 1167 1083 1239 pendentia
1108 1186 1248 1219 more
1275 1165 1495 1218 racemi:

369 1281 483 1334 Illae
509 1281 647 1334 inter
671 1280 824 1333 flores
850 1288 903 1332 et
929 1287 1079 1349 prata
1103 1277 1333 1330 recentia
1357 1296 1472 1330 rore

370 1392 498 1445 Huc
522 1392 648 1444 illuc
672 1391 910 1454 volitant,
939 1389 1131 1443 tabulis
1157 1397 1248 1441 aut
1275 1388 1496 1450 levibus,
1526 1395 1646 1440 ante

375 1501 691 1557 Stramineas
717 1521 874 1565 arceS,
902 1501 1069 1572 primo
1087 1502 1198 1570 jam
1223 1500 1377 1553 melle
1403 1500 1687 1562 madenteS,

369 1615 765 1686 Exspatiantur,
795 1625 849 1668 et
873 1614 928 1667 in
953 1613 1183 1667 medium
1208 1613 1445 1666 consulta
1469 1619 1745 1682 reponunt.

369 1725 535 1778 Haud
559 1744 706 1779 secus
732 1724 880 1778 aeriae
905 1724 1190 1777 densantur
1215 1723 1269 1775 in
1295 1723 1502 1794 agmina
1525 1721 1694 1775 turbae
1715 1741 1727 1783 3

371 1835 504 1888 Inde
530 1834 711 1887 datum
737 1834 996 1908 accipiunt
1023 1834 1246 1904 signum,
1276 1842 1328 1886 et
1354 1833 1588 1886 mirabile
1615 1832 1760 1884 dictu
1782 1832 1792 1885 1

373 1946 615 2014 Quorum
639 1946 815 2018 magni
841 1955 1001 2009 artus,
1031 1955 1084 1999 et
1109 1947 1343 1998 membra
1367 1944 1612 1996 immania
1636 1964 1805 2013 nuper

372 2057 503 2111 Visa
526 2057 823 2129 giganteam
852 2056 1078 2110 Telluris
1102 2056 1309 2108 vincere
1336 2055 1550 2125 prolem,

370 2169 427 2222 N
430 2188 648 2222 anorum
671 2169 728 2221 in
751 2188 935 2239 parvas
961 2168 1133 2220 subito
1158 2167 1375 2220 collecta
1398 2167 1592 2237 figuras

372 2282 658 2336 Innumera
682 2282 915 2353 angustis
942 2281 1119 2351 spatiis
1147 2280 1426 2350 stipantur,
1456 2288 1517 2332 ut
1544 2279 1635 2331 illa

375 2393 521 2448 Gens
547 2393 813 2465 Pygmaea,
842 2393 965 2446 olim
991 2411 1147 2462 super
1174 2391 1333 2444 Indos
1358 2391 1531 2443 accola
1555 2399 1788 2453 montes3

375 2505 426 2558 N
430 2505 702 2564 aiadumve
728 2505 870 2558 chori
895 2504 1129 2576 graciles,
1157 2522 1434 2573 parvaeque
1463 2502 1516 2554 N
1519 2521 1686 2572 apaeae,

377 2615 617 2684 Quarum
643 2618 776 2670 forte
795 2617 940 2686 jocos
965 2616 1137 2669 media
1162 2616 1258 2668 sub
1285 2623 1437 2668 nocte
1464 2615 1676 2667 colonus

374 2728 561 2782 Fontis
587 2710 778 2799 aquam
802 2748 979 2799 prope,
1008 2729 1093 2781 vel
1119 2747 1262 2781 serus
1289 2727 1386 2780 sub
1411 2726 1641 2797 tegmine
1667 2726 1789 2789 luci,

376 2841 495 2893 Aut
521 2840 680 2905 videt,
709 2850 801 2894 aut
827 2841 1015 2894 vidisse
1041 2849 1224 2911 putat:
1268 2859 1424 2909 super
1449 2839 1644 2891 arbitra
1668 2839 1796 2890 coelo

376 2951 535 3004 Luna
559 2952 757 3016 sedens,
785 2961 936 3006 terrae
963 2953 1184 3023 propior,
1214 2952 1543 3021 deductaque
1570 2951 1634 3003 ab
1661 2951 1784 3012 alto,

379 3060 646 3115 Pallentes
670 3062 887 3115 invertit
914 3081 1108 3131 equos3
1151 3062 1455 3132 choreisque
1475 3061 1715 3133 jocisque

382 3171 530 3226 Gens
556 3173 775 3237 intenta,
803 3193 953 3226 aures
979 3173 1154 3226 divino
1181 3174 1405 3226 carmine
1432 3173 1642 3227 mulcet.

382 3284 491 3339 Olli
516 3286 682 3339 mixta
705 3296 851 3340 metu
877 3297 1179 3357 pertentant
1204 3288 1393 3357 gaudia
1418 3297 1614 3358 pectus.

1890 447 1945 491 47
