2418 3944
756 450 1037 492 ANTHOLO
1043 451 1149 493 GIA
1192 450 1548 492 OXONIENSIS
1555 478 1568 491 .

1071 907 1283 944 XLVIII.

1066 1032 1300 1104 35122213.

426 1199 517 1253 AT
545 1200 642 1253 tibi
667 1200 976 1271 languentes
1002 1219 1186 1252 manus
1212 1210 1392 1253 extera
1416 1199 1603 1253 clausit
1629 1201 1835 1264 ocelloe,

498 1311 700 1364 Extera
724 1311 1014 1381 composuit
1038 1312 1271 1364 membra
1296 1312 1481 1365 decora
1504 1331 1705 1376 manue,

426 1422 651 1476 Addidit
676 1423 856 1494 ignoto
883 1423 1084 1476 cultum
1111 1443 1297 1476 manus
1324 1432 1505 1477 extera
1530 1424 1704 1488 bustO,

450 1583 456 1591 .
499 1535 725 1588 Externi
750 1535 941 1598 luctUS,
971 1544 1184 1588 exterus
1212 1535 1361 1588 auxit
1388 1553 1546 1587 amor.

428 1648 574 1716 Quid
599 1649 642 1701 si
667 1649 854 1719 pullati
879 1669 973 1719 pro
1000 1658 1052 1701 te
1080 1669 1186 1702 non
1211 1657 1388 1702 cernet
1414 1649 1566 1702 amici

501 1759 652 1812 Hora
675 1759 859 1812 breves
884 1760 1153 1830 lacrymae,
1182 1779 1349 1812 annus
1374 1760 1527 1813 inane
1553 1759 1750 1812 decus?

429 1870 575 1938 Quid
600 1871 644 1923 si
669 1890 773 1923 non
800 1871 1011 1924 videant
1037 1871 1267 1923 simulati
1292 1871 1516 1942 insignia
1539 1871 1714 1924 luctus

502 1984 710 2038 Urbani
734 1984 895 2046 luem,
924 1984 1293 2054 noctivagique
1320 1984 1502 2037 chori?

429 2097 576 2166 Quid
599 2098 721 2150 licet
746 2097 1076 2168 illacrymans
1102 2106 1196 2150 tua
1220 2117 1326 2150 non
1352 2105 1500 2150 notet
1525 2116 1639 2150 ossa
1667 2095 1890 2167 Cupido,

500 2210 719 2263 Mortua
742 2229 838 2263 nec
863 2210 1023 2262 fallax
1049 2210 1304 2280 exprimat
1330 2229 1419 2262 ora
1443 2209 1615 2279 lapis?

433 2321 492 2376 Si
515 2341 622 2375 non
648 2322 870 2375 sufficiat
895 2322 1052 2374 tellus
1079 2330 1277 2374 sacrata
1304 2321 1617 2391 sepulcrum,

501 2433 620 2486 Nec
645 2434 816 2504 capiat
841 2424 1063 2486 flentfim
1088 2454 1358 2487 murmura
1383 2442 1561 2487 sancta
1587 2433 1753 2486 cinis?

426 2545 506 2599 At
530 2547 767 2606 tumulus
793 2547 960 2599 multo
986 2547 1259 2599 decoratus
1284 2546 1410 2600 flore
1438 2546 1643 2609 virebit,

502 2657 838 2728 Urgebitque
863 2658 969 2711 levi
995 2658 1221 2728 pondere
1248 2667 1388 2711 terra
1413 2658 1584 2710 sinum
1606 2679 1617 2710 :

431 2750 693 2840 Asperget
718 2769 974 2839 lacrymas
999 2788 1216 2821 nascens
1243 2768 1454 2822 Aurora
1478 2768 1720 2830 nitenteS,

500 2879 810 2949 Primasque
835 2881 1023 2933 educet
1049 2899 1141 2933 ver
1165 2880 1367 2951 geniale
1392 2900 1561 2943 rosas;

428 2991 504 3044 Et
528 2991 642 3045 loca
665 2991 916 3045 velabunt
942 2991 1070 3067 Divi
1096 2990 1439 3044 candentibus
1464 2990 1558 3043 alis

502 3103 759 3173 Exequiis
784 3103 997 3156 tandem
1022 3103 1281 3175 relligiosa
1305 3103 1426 3156 tuis.

1827 3211 1915 3244 J.C.

1958 453 2011 493 85

1731 3545 1826 3590 „IG
1849 3564 1865 3588 3
2011 3545 2015 3546 ⁷
2046 3545 2067 3546 Π
