2418 3944
688 430 1087 472 ANTHOLOGIA
1131 428 1507 470 OXONIENSIS.

369 700 516 758 Hinc
540 699 699 753 didici
725 717 885 769 quam
911 706 1035 750 sunt
1061 696 1199 749 tardi
1224 696 1526 767 ingratique
1553 694 1749 765 saporis

443 812 591 880 Quas
617 812 708 865 dat
734 809 1056 881 supplicibus
1081 829 1262 863 mensa
1287 809 1458 862 aliena
1481 808 1657 878 dapeS,

369 922 587 994 Quique
612 923 810 977 Larem
835 921 1051 975 alterius
1077 921 1234 974 miser
1260 929 1313 973 et
1339 920 1617 991 peregrina
1643 918 1834 989 fatigat

441 1033 670 1096 Limina,
699 1052 859 1102 quam
884 1031 1062 1084 tristes
1087 1031 1238 1100 itque
1264 1030 1510 1101 reditque
1537 1029 1665 1083 vias.

369 1145 492 1199 Ah!
530 1145 715 1208 nescit,
743 1142 947 1214 placido
972 1142 1148 1214 potuit
1176 1142 1270 1212 qui
1294 1142 1486 1196 leniter
1512 1161 1639 1205 aevo,

442 1257 520 1311 Et
545 1257 686 1310 cives
711 1256 851 1309 inter
876 1255 1207 1308 consenuisse
1236 1274 1371 1318 SUOS,

371 1370 628 1439 Quosque
653 1369 799 1440 prius
823 1369 945 1421 lusu
969 1368 1159 1438 puerili
1184 1368 1406 1421 hilarare
1441 1367 1658 1429 solebat,

443 1482 642 1536 Iisdem
666 1480 902 1535 membra
927 1482 1072 1534 fovet
1097 1481 1373 1534 debilitata
1397 1481 1539 1533 focis.

372 1592 494 1647 Ah!
533 1593 701 1647 nescit
726 1592 964 1663 profugis
991 1599 1124 1662 quot
1150 1591 1255 1644 sint
1282 1591 1576 1660 quantique
1611 1588 1832 1652 doloreS,

447 1703 625 1771 Quam
650 1703 764 1756 fera
787 1702 1030 1773 perpetui
1057 1721 1166 1754 sors
1193 1700 1435 1755 obeunda
1458 1699 1583 1753 mali
1604 1700 1615 1754 Σ

372 1816 482 1870 Hei
506 1815 664 1868 mihi!
705 1833 812 1884 quo
840 1819 996 1867 sensu
1022 1813 1307 1883 dulcesque
1333 1812 1643 1882 reliquimus
1670 1831 1838 1883 agros,

442 1927 520 1980 Et
544 1946 773 1990 nemora,
803 1933 857 1979 et
883 1925 1047 1979 solitae
1073 1933 1216 1978 tecta
1239 1920 1464 1995 paterna*
1482 1923 1697 1977 domus!

377 2038 580 2110 Sponsa
605 2038 799 2108 quibus
824 2036 1068 2107 lacrymis
1093 2036 1281 2089 misero
1307 2055 1479 2089 comes
1505 2035 1616 2088 ibat
1642 2034 1855 2098 amanti,

447 2149 855 2221 Longaevusque
881 2168 1086 2219 parem,
1116 2148 1446 2219 exiguusque
1474 2145 1637 2217 puer!

377 2259 554 2327 Quam
581 2259 727 2312 venit
752 2259 959 2330 ignotas
985 2259 1111 2311 exul
1145 2258 1423 2328 despectus
1449 2258 1503 2309 in
1530 2276 1661 2319 oraS‚

452 2368 615 2421 Durae
641 2367 831 2421 damna
855 2367 995 2440 fugae
1020 2368 1432 2439 pauperiemque
1458 2388 1674 2439 gemens
1695 2388 1708 2431 3

377 2478 820 2550 Principibusque
845 2479 1036 2550 gravis,
1063 2479 1314 2550 plebique
1339 2480 1539 2533 invisus
1565 2480 1776 2549 iniquae,

453 2589 581 2642 Non
602 2589 867 2643 vexauditis
891 2590 1059 2660 poscit
1086 2609 1239 2660 opem
1265 2589 1508 2660 precibus
1531 2589 1542 2641 1

379 2700 511 2753 Haec
535 2669 743 2771 generis
768 2700 927 2753 decus
953 2700 1265 2762 obscurant3
1305 2699 1386 2750 his
1412 2698 1524 2768 ipsa
1549 2697 1763 2759 fatiscit,

450 2812 633 2866 Firma
656 2813 796 2876 licet,
824 2813 987 2865 tantis
1011 2832 1158 2866 mens
1184 2811 1443 2865 labefacta
1467 2811 1631 2863 malis.

382 2925 538 2979 Adde
562 2934 644 2979 tot
672 2925 932 2980 extinctos
958 2925 1249 2996 longinqua
1273 2924 1338 2976 ad
1363 2924 1546 2976 littora
1571 2922 1780 2984 amicos,

454 3035 609 3090 Adde
639 3035 780 3090 domi
805 3035 1033 3106 indignis
1060 3043 1190 3104 quot
1217 3035 1419 3105 periere
1446 3033 1611 3085 modis
1633 3052 1646 3095 3

379 3144 560 3198 Effera
584 3163 717 3214 quos
742 3144 922 3215 populi
948 3144 1133 3207 rabieS,
1161 3144 1476 3213 furialiaque
1503 3162 1660 3204 arma,

458 3257 854 3330 Sanguineique
880 3275 1040 3327 rapax
1067 3255 1287 3308 abstulit
1313 3274 1447 3307 urna
1472 3254 1603 3316 fori3

1882 428 1966 467 235
