<?xml version="1.0" encoding="UTF-8"?>
<!DOCTYPE html PUBLIC "-//W3C//DTD XHTML 1.0 Transitional//EN"
    "http://www.w3.org/TR/xhtml1/DTD/xhtml1-transitional.dtd">
<html xmlns="http://www.w3.org/1999/xhtml" xml:lang="en" lang="en">
 <head>
  <title>
</title>
<meta http-equiv="Content-Type" content="text/html;charset=utf-8" />
  <meta name='ocr-system' content='tesseract 3.04.00' />
  <meta name='ocr-capabilities' content='ocr_page ocr_carea ocr_par ocr_line ocrx_word'/>
</head>
<body>
  <div class='ocr_page' id='page_1' title='image "./anthologiaoxonie00linwuoft_0285.png"; bbox 0 0 2418 3944; ppageno 0'>
   <div class='ocr_carea' id='block_1_1' title="bbox 0 0 2031 433">
    <p class='ocr_par' dir='ltr' id='par_1_1' title="bbox 0 0 2031 433">
     <span class='ocr_line' id='line_1_1' title="bbox 0 0 2031 433; baseline 0 3511"><span class='ocrx_word' id='word_1_1' title='bbox 0 0 2031 433; x_wconf 95' lang='lat' dir='ltr'> </span> 
     </span>
    </p>
   </div>
   <div class='ocr_carea' id='block_1_2' title="bbox 679 450 1497 492">
    <p class='ocr_par' dir='ltr' id='par_1_2' title="bbox 679 450 1497 492">
     <span class='ocr_line' id='line_1_2' title="bbox 679 450 1497 492; baseline 0.002 -3"><span class='ocrx_word' id='word_1_2' title='bbox 679 450 1076 492; x_wconf 85' lang='lat' dir='ltr'>ANTHOLOGIA</span> <span class='ocrx_word' id='word_1_3' title='bbox 1121 450 1497 492; x_wconf 84' lang='lat' dir='ltr'>OXONIENSIS.</span> 
     </span>
    </p>
   </div>
   <div class='ocr_carea' id='block_1_3' title="bbox 273 715 1726 1459">
    <p class='ocr_par' dir='ltr' id='par_1_3' title="bbox 273 715 1726 1459">
     <span class='ocr_line' id='line_1_3' title="bbox 350 715 1726 790; baseline -0.002 -19"><span class='ocrx_word' id='word_1_4' title='bbox 350 715 458 771; x_wconf 88' lang='lat' dir='ltr'>Sed</span> <span class='ocrx_word' id='word_1_5' title='bbox 480 717 618 770; x_wconf 88' lang='lat' dir='ltr'>tanti</span> <span class='ocrx_word' id='word_1_6' title='bbox 642 718 918 789; x_wconf 77' lang='lat' dir='ltr'><strong>impatiens</strong></span> <span class='ocrx_word' id='word_1_7' title='bbox 942 719 1187 790; x_wconf 82' lang='lat' dir='ltr'>genetrix</span> <span class='ocrx_word' id='word_1_8' title='bbox 1210 718 1497 772; x_wconf 89' lang='lat' dir='ltr'>furibunda</span> <span class='ocrx_word' id='word_1_9' title='bbox 1520 717 1726 780; x_wconf 83' lang='lat' dir='ltr'>doloriS,</span> 
     </span>
     <span class='ocr_line' id='line_1_4' title="bbox 422 827 1505 901; baseline -0.001 -17"><span class='ocrx_word' id='word_1_10' title='bbox 422 827 593 884; x_wconf 84' lang='lat' dir='ltr'><strong>Solvit</strong></span> <span class='ocrx_word' id='word_1_11' title='bbox 616 829 673 882; x_wconf 88' lang='lat' dir='ltr'>in</span> <span class='ocrx_word' id='word_1_12' title='bbox 697 830 904 884; x_wconf 84' lang='lat' dir='ltr'>illicitas</span> <span class='ocrx_word' id='word_1_13' title='bbox 928 831 1121 901; x_wconf 89' lang='lat' dir='ltr'>pallida</span> <span class='ocrx_word' id='word_1_14' title='bbox 1143 831 1290 884; x_wconf 88' lang='lat' dir='ltr'>labra</span> <span class='ocrx_word' id='word_1_15' title='bbox 1313 848 1505 901; x_wconf 77' lang='lat' dir='ltr'>preces·</span> 
     </span>
     <span class='ocr_line' id='line_1_5' title="bbox 273 938 1558 1013; baseline -0.001 -18"><span class='ocrx_word' id='word_1_16' title='bbox 273 947 309 972; x_wconf 91' lang='lat'><strong>“</strong></span> <span class='ocrx_word' id='word_1_17' title='bbox 345 938 549 995; x_wconf 81' lang='lat' dir='ltr'>Siccine</span> <span class='ocrx_word' id='word_1_18' title='bbox 575 942 825 995; x_wconf 81' lang='lat' dir='ltr'>maternis</span> <span class='ocrx_word' id='word_1_19' title='bbox 851 942 1025 995; x_wconf 86' lang='lat' dir='ltr'>vivam</span> <span class='ocrx_word' id='word_1_20' title='bbox 1050 950 1105 996; x_wconf 89' lang='lat' dir='ltr'>te</span> <span class='ocrx_word' id='word_1_21' title='bbox 1131 942 1353 1013; x_wconf 82' lang='lat' dir='ltr'>proripis</span> <span class='ocrx_word' id='word_1_22' title='bbox 1377 942 1558 994; x_wconf 85' lang='lat' dir='ltr'>ulnis?</span> 
     </span>
     <span class='ocr_line' id='line_1_6' title="bbox 427 1052 1336 1126; baseline 0 -18"><span class='ocrx_word' id='word_1_23' title='bbox 427 1052 515 1108; x_wconf 85' lang='lat' dir='ltr'>Sic</span> <span class='ocrx_word' id='word_1_24' title='bbox 540 1054 641 1108; x_wconf 89' lang='lat' dir='ltr'>eris</span> <span class='ocrx_word' id='word_1_25' title='bbox 667 1055 829 1109; x_wconf 86' lang='lat' dir='ltr'>exitio</span> <span class='ocrx_word' id='word_1_26' title='bbox 853 1055 962 1108; x_wconf 91' lang='lat' dir='ltr'>filia</span> <span class='ocrx_word' id='word_1_27' title='bbox 985 1064 1154 1126; x_wconf 91' lang='lat' dir='ltr'>nupta</span> <span class='ocrx_word' id='word_1_28' title='bbox 1177 1056 1336 1109; x_wconf 84' lang='lat' dir='ltr'>meo?</span> 
     </span>
     <span class='ocr_line' id='line_1_7' title="bbox 345 1165 1685 1238; baseline -0.001 -18"><span class='ocrx_word' id='word_1_29' title='bbox 345 1165 484 1220; x_wconf 88' lang='lat' dir='ltr'>Tota</span> <span class='ocrx_word' id='word_1_30' title='bbox 506 1166 607 1220; x_wconf 88' lang='lat' dir='ltr'>viri</span> <span class='ocrx_word' id='word_1_31' title='bbox 630 1186 737 1220; x_wconf 91' lang='lat' dir='ltr'>non</span> <span class='ocrx_word' id='word_1_32' title='bbox 762 1186 817 1221; x_wconf 90' lang='lat' dir='ltr'>es</span> <span class='ocrx_word' id='word_1_33' title='bbox 836 1187 848 1230; x_wconf 83' lang='lat'>3</span> <span class='ocrx_word' id='word_1_34' title='bbox 889 1187 1008 1238; x_wconf 87' lang='lat' dir='ltr'>pars</span> <span class='ocrx_word' id='word_1_35' title='bbox 1033 1166 1211 1220; x_wconf 87' lang='lat' dir='ltr'>debita</span> <span class='ocrx_word' id='word_1_36' title='bbox 1234 1187 1424 1238; x_wconf 90' lang='lat' dir='ltr'>magna</span> <span class='ocrx_word' id='word_1_37' title='bbox 1447 1165 1685 1237; x_wconf 87' lang='lat' dir='ltr'>parenti:</span> 
     </span>
     <span class='ocr_line' id='line_1_8' title="bbox 417 1277 1533 1348; baseline -0.001 -17"><span class='ocrx_word' id='word_1_38' title='bbox 417 1277 669 1331; x_wconf 78' lang='lat' dir='ltr'>Mortuus</span> <span class='ocrx_word' id='word_1_39' title='bbox 694 1278 749 1330; x_wconf 90' lang='lat' dir='ltr'>in</span> <span class='ocrx_word' id='word_1_40' title='bbox 774 1278 920 1332; x_wconf 87' lang='lat' dir='ltr'>vivos</span> <span class='ocrx_word' id='word_1_41' title='bbox 937 1279 1028 1348; x_wconf 86' lang='lat' dir='ltr'>jus</span> <span class='ocrx_word' id='word_1_42' title='bbox 1052 1278 1211 1331; x_wconf 88' lang='lat' dir='ltr'>habet</span> <span class='ocrx_word' id='word_1_43' title='bbox 1237 1278 1325 1332; x_wconf 91' lang='lat' dir='ltr'>ille</span> <span class='ocrx_word' id='word_1_44' title='bbox 1351 1279 1533 1331; x_wconf 82' lang='lat' dir='ltr'>toros?</span> 
     </span>
     <span class='ocr_line' id='line_1_9' title="bbox 344 1387 1696 1459; baseline 0 -17"><span class='ocrx_word' id='word_1_45' title='bbox 344 1387 491 1442; x_wconf 86' lang='lat' dir='ltr'>Tene</span> <span class='ocrx_word' id='word_1_46' title='bbox 509 1389 680 1459; x_wconf 86' lang='lat' dir='ltr'>juvet,</span> <span class='ocrx_word' id='word_1_47' title='bbox 708 1397 887 1442; x_wconf 91' lang='lat' dir='ltr'>nostro</span> <span class='ocrx_word' id='word_1_48' title='bbox 914 1408 1030 1458; x_wconf 87' lang='lat' dir='ltr'>quae</span> <span class='ocrx_word' id='word_1_49' title='bbox 1056 1397 1260 1442; x_wconf 89' lang='lat' dir='ltr'>constat</span> <span class='ocrx_word' id='word_1_50' title='bbox 1284 1389 1451 1459; x_wconf 90' lang='lat' dir='ltr'>gloria</span> <span class='ocrx_word' id='word_1_51' title='bbox 1475 1388 1663 1442; x_wconf 91' lang='lat' dir='ltr'>damno</span> <span class='ocrx_word' id='word_1_52' title='bbox 1685 1387 1696 1441; x_wconf 73' lang='grc' dir='ltr'>Σ</span> 
     </span>
    </p>
   </div>
   <div class='ocr_carea' id='block_1_4' title="bbox 418 1499 1531 1570">
    <p class='ocr_par' dir='ltr' id='par_1_4' title="bbox 418 1499 1531 1570">
     <span class='ocr_line' id='line_1_10' title="bbox 418 1499 1531 1570; baseline 0.001 -18"><span class='ocrx_word' id='word_1_53' title='bbox 418 1499 571 1554; x_wconf 89' lang='lat' dir='ltr'>Tune</span> <span class='ocrx_word' id='word_1_54' title='bbox 596 1508 747 1570; x_wconf 90' lang='lat' dir='ltr'>potes</span> <span class='ocrx_word' id='word_1_55' title='bbox 772 1500 964 1554; x_wconf 91' lang='lat' dir='ltr'>nostris</span> <span class='ocrx_word' id='word_1_56' title='bbox 990 1520 1100 1554; x_wconf 90' lang='lat' dir='ltr'>esse</span> <span class='ocrx_word' id='word_1_57' title='bbox 1125 1500 1282 1553; x_wconf 88' lang='lat' dir='ltr'>beata</span> <span class='ocrx_word' id='word_1_58' title='bbox 1304 1500 1454 1552; x_wconf 90' lang='lat' dir='ltr'>malis</span> <span class='ocrx_word' id='word_1_59' title='bbox 1476 1499 1531 1553; x_wconf 79' lang='lat'>1”</span> 
     </span>
    </p>
   </div>
   <div class='ocr_carea' id='block_1_5' title="bbox 344 1612 1846 1684">
    <p class='ocr_par' dir='ltr' id='par_1_5' title="bbox 344 1612 1846 1684">
     <span class='ocr_line' id='line_1_11' title="bbox 344 1612 1846 1684; baseline -0.001 -19"><span class='ocrx_word' id='word_1_60' title='bbox 344 1612 491 1665; x_wconf 82' lang='lat' dir='ltr'>Huic</span> <span class='ocrx_word' id='word_1_61' title='bbox 515 1621 694 1666; x_wconf 91' lang='lat' dir='ltr'>tamen</span> <span class='ocrx_word' id='word_1_62' title='bbox 717 1612 859 1666; x_wconf 91' lang='lat' dir='ltr'>haud</span> <span class='ocrx_word' id='word_1_63' title='bbox 884 1613 1081 1666; x_wconf 89' lang='lat' dir='ltr'>animos</span> <span class='ocrx_word' id='word_1_64' title='bbox 1106 1621 1278 1666; x_wconf 86' lang='lat' dir='ltr'>mutat</span> <span class='ocrx_word' id='word_1_65' title='bbox 1303 1613 1552 1684; x_wconf 81' lang='lat' dir='ltr'>plangore</span> <span class='ocrx_word' id='word_1_66' title='bbox 1579 1619 1846 1674; x_wconf 85' lang='lat' dir='ltr'>cruentus,</span> 
     </span>
    </p>
   </div>
   <div class='ocr_carea' id='block_1_6' title="bbox 344 1725 1675 1907">
    <p class='ocr_par' dir='ltr' id='par_1_6' title="bbox 344 1725 1675 1907">
     <span class='ocr_line' id='line_1_12' title="bbox 414 1725 1675 1798; baseline 0 -19"><span class='ocrx_word' id='word_1_67' title='bbox 414 1725 650 1780; x_wconf 86' lang='lat' dir='ltr'>Parvula</span> <span class='ocrx_word' id='word_1_68' title='bbox 674 1745 833 1796; x_wconf 91' lang='lat' dir='ltr'>quem</span> <span class='ocrx_word' id='word_1_69' title='bbox 857 1726 1036 1798; x_wconf 84' lang='lat' dir='ltr'>digitis</span> <span class='ocrx_word' id='word_1_70' title='bbox 1059 1735 1318 1797; x_wconf 89' lang='lat' dir='ltr'>presserat</span> <span class='ocrx_word' id='word_1_71' title='bbox 1343 1727 1470 1797; x_wconf 85' lang='lat' dir='ltr'>ipsa,</span> <span class='ocrx_word' id='word_1_72' title='bbox 1499 1727 1675 1790; x_wconf 82' lang='lat' dir='ltr'>sinus3</span> 
     </span>
     <span class='ocr_line' id='line_1_13' title="bbox 344 1835 1535 1907; baseline -0.002 -17"><span class='ocrx_word' id='word_1_73' title='bbox 344 1836 510 1890; x_wconf 87' lang='lat' dir='ltr'>Haud</span> <span class='ocrx_word' id='word_1_74' title='bbox 533 1857 628 1890; x_wconf 91' lang='lat' dir='ltr'>sua</span> <span class='ocrx_word' id='word_1_75' title='bbox 651 1835 849 1890; x_wconf 85' lang='lat' dir='ltr'>funesti</span> <span class='ocrx_word' id='word_1_76' title='bbox 873 1835 1044 1907; x_wconf 86' lang='lat' dir='ltr'>proles</span> <span class='ocrx_word' id='word_1_77' title='bbox 1070 1856 1186 1906; x_wconf 89' lang='lat' dir='ltr'>quae</span> <span class='ocrx_word' id='word_1_78' title='bbox 1211 1838 1385 1891; x_wconf 88' lang='lat' dir='ltr'>nescia</span> <span class='ocrx_word' id='word_1_79' title='bbox 1408 1837 1535 1890; x_wconf 88' lang='lat' dir='ltr'>facti</span> 
     </span>
    </p>
   </div>
   <div class='ocr_carea' id='block_1_7' title="bbox 417 1949 1528 2020">
    <p class='ocr_par' dir='ltr' id='par_1_7' title="bbox 417 1949 1528 2020">
     <span class='ocr_line' id='line_1_14' title="bbox 417 1949 1528 2020; baseline -0.002 -17"><span class='ocrx_word' id='word_1_80' title='bbox 417 1949 650 2020; x_wconf 86' lang='lat' dir='ltr'>Porrigit</span> <span class='ocrx_word' id='word_1_81' title='bbox 676 1949 742 2002; x_wconf 89' lang='lat' dir='ltr'>ad</span> <span class='ocrx_word' id='word_1_82' title='bbox 765 1957 916 2002; x_wconf 87' lang='lat' dir='ltr'>notas</span> <span class='ocrx_word' id='word_1_83' title='bbox 941 1950 1117 2003; x_wconf 87' lang='lat' dir='ltr'>oscula</span> <span class='ocrx_word' id='word_1_84' title='bbox 1140 1949 1330 2003; x_wconf 91' lang='lat' dir='ltr'>blanda</span> <span class='ocrx_word' id='word_1_85' title='bbox 1354 1968 1528 2020; x_wconf 90' lang='lat' dir='ltr'>genas.</span> 
     </span>
    </p>
   </div>
   <div class='ocr_carea' id='block_1_8' title="bbox 1051 2443 1198 2480">
    <p class='ocr_par' dir='ltr' id='par_1_8' title="bbox 1051 2443 1198 2480">
     <span class='ocr_line' id='line_1_15' title="bbox 1051 2443 1198 2480; baseline 0 0"><span class='ocrx_word' id='word_1_86' title='bbox 1051 2443 1198 2480; x_wconf 89' lang='lat' dir='ltr'><strong>LVII.</strong></span> 
     </span>
    </p>
   </div>
   <div class='ocr_carea' id='block_1_9' title="bbox 1026 2559 1223 2620">
    <p class='ocr_par' dir='ltr' id='par_1_9' title="bbox 1026 2559 1223 2620">
     <span class='ocr_line' id='line_1_16' title="bbox 1026 2559 1223 2620; baseline -0.02 0"><span class='ocrx_word' id='word_1_87' title='bbox 1026 2559 1223 2620; x_wconf 51' lang='lat' dir='ltr'>firma.</span> 
     </span>
    </p>
   </div>
   <div class='ocr_carea' id='block_1_10' title="bbox 414 2728 1803 3236">
    <p class='ocr_par' dir='ltr' id='par_1_10' title="bbox 416 2728 1803 2913">
     <span class='ocr_line' id='line_1_17' title="bbox 416 2728 1803 2800; baseline -0.001 -17"><span class='ocrx_word' id='word_1_88' title='bbox 416 2729 553 2798; x_wconf 83' lang='lat' dir='ltr'>QUA</span> <span class='ocrx_word' id='word_1_89' title='bbox 578 2737 760 2783; x_wconf 88' lang='lat' dir='ltr'>contra</span> <span class='ocrx_word' id='word_1_90' title='bbox 784 2729 1010 2792; x_wconf 87' lang='lat' dir='ltr'>Italiam,</span> <span class='ocrx_word' id='word_1_91' title='bbox 1038 2737 1199 2799; x_wconf 90' lang='lat' dir='ltr'>atque</span> <span class='ocrx_word' id='word_1_92' title='bbox 1223 2729 1363 2782; x_wconf 88' lang='lat' dir='ltr'>inter</span> <span class='ocrx_word' id='word_1_93' title='bbox 1390 2728 1655 2800; x_wconf 85' lang='lat' dir='ltr'>Cyclopea</span> <span class='ocrx_word' id='word_1_94' title='bbox 1680 2749 1803 2782; x_wconf 89' lang='lat' dir='ltr'>saxa</span> 
     </span>
     <span class='ocr_line' id='line_1_18' title="bbox 487 2839 1622 2913; baseline -0.003 -19"><span class='ocrx_word' id='word_1_95' title='bbox 487 2840 689 2913; x_wconf 90' lang='lat' dir='ltr'>Magna</span> <span class='ocrx_word' id='word_1_96' title='bbox 712 2840 1008 2912; x_wconf 87' lang='lat' dir='ltr'>indignanti</span> <span class='ocrx_word' id='word_1_97' title='bbox 1031 2840 1276 2893; x_wconf 91' lang='lat' dir='ltr'>tunditur</span> <span class='ocrx_word' id='word_1_98' title='bbox 1301 2839 1475 2892; x_wconf 85' lang='lat' dir='ltr'>AEtna</span> <span class='ocrx_word' id='word_1_99' title='bbox 1500 2839 1622 2901; x_wconf 85' lang='lat' dir='ltr'>sa10‚</span> 
     </span>
    </p>

    <p class='ocr_par' dir='ltr' id='par_1_11' title="bbox 415 2951 1621 3132">
     <span class='ocr_line' id='line_1_19' title="bbox 415 2951 1621 3024; baseline 0 -20"><span class='ocrx_word' id='word_1_100' title='bbox 415 2951 656 3006; x_wconf 90' lang='lat' dir='ltr'>Ascensu</span> <span class='ocrx_word' id='word_1_101' title='bbox 679 2953 736 3005; x_wconf 89' lang='lat' dir='ltr'>in</span> <span class='ocrx_word' id='word_1_102' title='bbox 759 2953 942 3024; x_wconf 86' lang='lat' dir='ltr'>primo,</span> <span class='ocrx_word' id='word_1_103' title='bbox 970 2952 1115 3006; x_wconf 89' lang='lat' dir='ltr'>molli</span> <span class='ocrx_word' id='word_1_104' title='bbox 1139 2952 1283 3005; x_wconf 90' lang='lat' dir='ltr'>culta</span> <span class='ocrx_word' id='word_1_105' title='bbox 1307 2952 1447 3005; x_wconf 86' lang='lat' dir='ltr'>edita</span> <span class='ocrx_word' id='word_1_106' title='bbox 1473 2952 1621 3014; x_wconf 81' lang='lat' dir='ltr'>clivo,</span> 
     </span>
     <span class='ocr_line' id='line_1_20' title="bbox 486 3060 1545 3132; baseline -0.002 -18"><span class='ocrx_word' id='word_1_107' title='bbox 486 3061 772 3131; x_wconf 88' lang='lat' dir='ltr'>Prataque,</span> <span class='ocrx_word' id='word_1_108' title='bbox 801 3070 855 3116; x_wconf 89' lang='lat' dir='ltr'>et</span> <span class='ocrx_word' id='word_1_109' title='bbox 881 3061 1054 3132; x_wconf 89' lang='lat' dir='ltr'>aprico</span> <span class='ocrx_word' id='word_1_110' title='bbox 1079 3061 1252 3114; x_wconf 89' lang='lat' dir='ltr'>dulcia</span> <span class='ocrx_word' id='word_1_111' title='bbox 1275 3079 1399 3113; x_wconf 92' lang='lat' dir='ltr'>rura</span> <span class='ocrx_word' id='word_1_112' title='bbox 1424 3060 1545 3122; x_wconf 71' lang='lat' dir='ltr'>sim,</span> 
     </span>
    </p>

    <p class='ocr_par' dir='ltr' id='par_1_12' title="bbox 414 3173 1450 3236">
     <span class='ocr_line' id='line_1_21' title="bbox 414 3173 1450 3236; baseline -0.002 -10"><span class='ocrx_word' id='word_1_113' title='bbox 414 3173 634 3227; x_wconf 79' lang='lat' dir='ltr'>Auratae</span> <span class='ocrx_word' id='word_1_114' title='bbox 659 3174 795 3227; x_wconf 90' lang='lat' dir='ltr'>circa</span> <span class='ocrx_word' id='word_1_115' title='bbox 817 3193 1024 3236; x_wconf 77' lang='lat' dir='ltr'>messeS,</span> <span class='ocrx_word' id='word_1_116' title='bbox 1054 3182 1107 3227; x_wconf 92' lang='lat' dir='ltr'>et</span> <span class='ocrx_word' id='word_1_117' title='bbox 1132 3173 1320 3227; x_wconf 88' lang='lat' dir='ltr'>fertilis</span> <span class='ocrx_word' id='word_1_118' title='bbox 1346 3192 1450 3226; x_wconf 92' lang='lat' dir='ltr'>uva</span> 
     </span>
    </p>
   </div>
   <div class='ocr_carea' id='block_1_11' title="bbox 482 3284 1684 3357">
    <p class='ocr_par' dir='ltr' id='par_1_13' title="bbox 482 3284 1684 3357">
     <span class='ocr_line' id='line_1_22' title="bbox 482 3284 1684 3357; baseline -0.003 -18"><span class='ocrx_word' id='word_1_119' title='bbox 482 3286 787 3357; x_wconf 77' lang='lat' dir='ltr'>PampinUS,</span> <span class='ocrx_word' id='word_1_120' title='bbox 816 3295 870 3339; x_wconf 90' lang='lat' dir='ltr'>et</span> <span class='ocrx_word' id='word_1_121' title='bbox 895 3286 1104 3356; x_wconf 88' lang='lat' dir='ltr'>glaucas</span> <span class='ocrx_word' id='word_1_122' title='bbox 1129 3284 1312 3355; x_wconf 90' lang='lat' dir='ltr'>pandit</span> <span class='ocrx_word' id='word_1_123' title='bbox 1337 3284 1474 3337; x_wconf 88' lang='lat' dir='ltr'>oliva</span> <span class='ocrx_word' id='word_1_124' title='bbox 1498 3302 1684 3336; x_wconf 79' lang='lat' dir='ltr'>comas,</span> 
     </span>
    </p>
   </div>
   <div class='ocr_carea' id='block_1_12' title="bbox 1857 451 1942 492">
    <p class='ocr_par' dir='ltr' id='par_1_14' title="bbox 1857 451 1942 492">
     <span class='ocr_line' id='line_1_23' title="bbox 1857 451 1942 492; baseline 0.012 -1"><span class='ocrx_word' id='word_1_125' title='bbox 1857 451 1942 492; x_wconf 84' lang='lat'>259</span> 
     </span>
    </p>
   </div>
  </div>
 </body>
</html>
