2418 3944
418 462 500 502 130

855 460 1248 503 ANTHOLOGIA
1293 458 1644 503 OXONIENSIS
1653 490 1662 501 .

1160 785 1365 822 LXXVI.

987 898 1484 950 ΑΝΔΡΟΜΑΧΗ.

516 1066 643 1116 ΙΛΙΩι
668 1062 876 1136 αἰπεινᾷ
902 1063 1072 1135 Πάρις
1097 1065 1156 1117 οὐ
1179 1064 1362 1132 Ὑάμου,
1391 1062 1538 1117 ἀλλά
1556 1066 1647 1116 τιν’
1674 1062 1805 1116 ἄταν

585 1155 793 1225 ἠγάγετ’
820 1155 1022 1210 εὐναίαν
1047 1156 1117 1209 εἰς
1142 1156 1409 1224 θαλάμους
1428 1155 1651 1208 Ἑλέναν
1665 1174 1677 1186 ·

513 1248 574 1301 ἇς
596 1248 736 1313 ἕνεκ’,
764 1247 804 1301 ὦ
830 1249 1004 1320 Τροία,
1033 1247 1144 1321 δορὶ
1167 1247 1255 1301 καὶ
1278 1247 1405 1319 πυρὶ
1430 1247 1716 1313 δηῑάλωτου

586 1342 698 1396 εἷλέ
721 1341 771 1395 σ’
798 1343 825 1395 ὁ
850 1342 1121 1416 χιλιόναυς
1143 1341 1406 1394 Ἑλλάδος
1431 1340 1562 1394 ὠκὺς
1586 1340 1728 1411 ἄρης,

513 1435 600 1488 καὶ
626 1434 714 1488 τὸν
738 1435 858 1504 ε’μὸν
881 1436 1070 1504 μελέας
1095 1435 1255 1488 πόσιν
1290 1434 1542 1505 ”Εκτορα,
1570 1433 1659 1486 τὸν
1682 1431 1802 1504 περὶ
1825 1431 1973 1504 τείχη
1995 1496 1998 1499 ¹

584 1527 793 1583 εἵλκυσε
819 1529 1069 1601 διφρεύων
1093 1533 1218 1583 παῖς
1241 1528 1396 1582 ἁλιάς
1421 1527 1658 1581 Θέτιδος·

513 1620 645 1675 αὐτὰ
670 1620 712 1673 δ’
739 1625 797 1674 ἐκ
823 1622 1074 1689 θαλάμων
1098 1620 1300 1689 α”γόμαν
1323 1620 1410 1673 ε’πὶ
1437 1620 1553 1673 θῖνα
1580 1617 1872 1684 θαλάσσης,

583 1712 900 1767 δουλοσύναν
924 1712 1179 1786 στυγερὰν
1204 1712 1591 1784 ἀμφιβαλοῦσα
1613 1710 1748 1783 κάρα
1765 1729 1778 1742 ·

511 1806 694 1859 πολλὰ
718 1806 771 1859 δὲ
795 1806 992 1879 δάκρυά
1014 1829 1104 1874 μοι
1129 1805 1332 1871 κατέβα
1355 1803 1525 1878 χροός,
1552 1803 1681 1858 ἁνίκ’
1707 1803 1914 1856 ἔλειπον

584 1897 720 1951 ἄστυ
745 1920 800 1951 τε
824 1898 912 1951 καὶ
938 1898 1205 1966 θαλάμους
1228 1897 1316 1951 καὶ
1341 1895 1500 1950 πόσιν
1523 1899 1577 1949 ἐν
1601 1895 1818 1948 κονίαις·

460 2038 463 2042 .
511 1989 641 2059 ὤμοι
665 1990 764 2059 ἐγὼ
788 1991 964 2059 μελέα,
993 1991 1049 2044 τί
1067 1994 1119 2059 μ’
1145 1994 1303 2064 ἐχρῆν
1328 1991 1403 2043 ἔτι
1429 1990 1618 2061 φέγγος
1643 1988 1882 2061 ὁρᾶσθαι,
1970 1999 1972 2001 “

581 2081 857 2155 Ἑρμιόνας
881 2082 1086 2146 δούλαν,
1113 2083 1173 2136 ἇς
1198 2084 1300 2136 ὕπο
1325 2082 1603 2154 τειρομένα,

509 2175 639 2248 πρὸς
663 2175 765 2229 τόδ’
791 2176 1009 2245 ἑίὙαλμα
1035 2176 1167 2240 θεᾶς,
1197 2174 1349 2230 ἱκέτις
1372 2175 1491 2247 περὶ
1514 2179 1656 2248 χεῖρε
1679 2175 1946 2238 βαλοῦσα,

583 2269 822 2337 τάκομαι,
851 2270 919 2322 ὡς
942 2268 1155 2339 πετρίνα
1180 2266 1506 2320 πιδακόεσσα
1528 2266 1705 2332 λιβάς.

1648 2376 1819 2417 Eunpid.
1842 2375 1963 2408 Andr.

1149 2669 1376 2707 LXXVII.

859 2780 968 2838 qen
996 2795 1028 2837 a
1053 2782 1344 2856 ffauupass
1373 2788 1426 2837 at
1453 2795 1485 2836 a
1511 2778 1670 2838 assall.

658 2952 863 3005 WHEN
890 2960 943 3004 at
969 2951 1066 3021 thy
1091 2952 1215 3014 feet,
1243 2951 1366 3003 dear
1390 2950 1506 3021 girl,
1535 2949 1565 3001 I
1592 2949 1700 3012 fell,

731 3044 1021 3099 Confusion
1046 3043 1275 3097 eheeked
1299 3043 1389 3095 the
1414 3042 1658 3113 thought,

658 3135 737 3190 Or
763 3136 792 3188 Ι
817 3136 920 3188 had
945 3135 1212 3188 eried——“
1233 3135 1318 3204 By
1343 3134 1559 3196 heaven,
1582 3135 1618 3186 ’t
1629 3134 1672 3186 is
1697 3133 1847 3186 well!

732 3235 766 3258 ‘⁶
787 3227 905 3280 I’ve
931 3226 1091 3279 fallen
1119 3225 1291 3279 where
1319 3225 1348 3277 I
1375 3225 1539 3296 ought
1558 3225 1607 3277 1”

1736 3334 1773 3365 F.
1787 3333 1995 3375 Hodgson.
