2418 3944
694 436 779 478 AN
780 437 1088 479 THOLOGIA
1131 437 1502 479 OXONIENSIS.
1911 438 1965 483 37

1057 1045 1154 1082 XX.

478 1175 648 1235 sstlia
675 1176 906 1237 Qunam
933 1189 1090 1247 agens
1117 1175 1472 1235 OEritezimum
1500 1175 1745 1243 spatum.

354 1343 545 1408 VIVIS,
575 1353 628 1396 et
654 1344 812 1396 illaesa
836 1363 929 1414 per
954 1343 1095 1396 mille
1120 1343 1315 1414 pericla
1340 1344 1526 1407 salute,

351 1454 616 1509 Octavum
641 1454 761 1507 vitae
787 1455 1087 1525 ingr-edem„
1114 1474 1231 1507 mea
1258 1455 1428 1519 Delia,
1456 1455 1697 1508 lustrum.

351 1565 428 1618 Et
454 1565 614 1629 vivaS,
643 1585 842 1635 precor,
873 1575 926 1618 et
951 1566 1120 1618 multa
1146 1575 1199 1618 et
1226 1566 1397 1618 felicia
1422 1585 1625 1637 semper
1712 1561 1714 1563 ’

352 1677 556 1732 Octavo
581 1677 748 1729 lustra
772 1697 1082 1730 annumeres
1107 1678 1440 1748 superaddita
1463 1679 1645 1731 lustro.

351 1789 432 1842 At
457 1789 555 1842 tibi
581 1797 813 1841 venturae
839 1788 1070 1841 labentia
1095 1798 1330 1859 tempora
1354 1789 1475 1841 vitae

350 1901 559 1956 Vellem
584 1908 646 1952 ut
672 1900 726 1951 in
753 1909 936 1954 octavo
963 1901 1161 1971 possint
1188 1920 1241 1954 se
1269 1901 1448 1953 sistere
1474 1901 1656 1954 lustro·

350 2014 454 2067 His
480 2012 674 2066 etenim
699 2012 972 2085 ingenium
996 2013 1156 2083 viget,
1186 2022 1240 2065 et
1265 2032 1411 2065 mens
1436 2013 1633 2066 firmior
1658 2013 1821 2077 anniS‚

351 2124 546 2180 Sedula
569 2123 635 2176 ad
659 2133 903 2177 octavum
929 2125 1091 2177 coluit
1118 2145 1276 2194 quam
1303 2125 1460 2178 Delia
1483 2126 1724 2178 lustrum.

346 2236 492 2307 Ergo
518 2236 643 2307 age!
682 2235 845 2290 conde
871 2236 1044 2288 favos!
1083 2236 1187 2289 hue
1213 2237 1298 2289 eui
1323 2246 1570 2307 proveeta
1595 2237 1662 2289 sit
1686 2246 1827 2301 aetas,

349 2347 560 2402 Conde1
600 2356 653 2400 et
679 2347 733 2399 in
760 2356 944 2400 octavo
964 2348 1151 2419 nugari
1176 2347 1352 2400 desine
1378 2348 1543 2400 lustro
1564 2369 1576 2400 :

349 2454 489 2507 Nam
514 2453 635 2507 vitae
660 2454 818 2507 decus
844 2455 1084 2507 humanae
1109 2455 1394 2524 lumenque
1421 2455 1658 2508 videmus

352 2544 568 2636 SemPer
593 2566 658 2619 ab
685 2575 870 2619 octavo
895 2567 950 2618 in
975 2567 1124 2637 pejus
1150 2587 1204 2620 se
1230 2554 1434 2620 vertere
1460 2567 1653 2620 lustro:

346 2678 422 2731 Et
447 2697 563 2748 spes
589 2692 702 2730 sera
726 2678 827 2731 illis
852 2678 1006 2730 nimis
1034 2687 1128 2742 est,
1159 2687 1212 2731 et
1237 2679 1432 2731 tardior
1458 2679 1599 2742 hora,

347 2786 457 2854 Qui
481 2805 655 2856 neque
681 2786 736 2838 in
762 2795 946 2839 octavo
972 2796 1168 2839 norunt
1193 2788 1326 2840 bene
1353 2787 1530 2840 vivere
1556 2788 1737 2841 lustro.

345 2901 431 2954 Tu
457 2920 580 2954 vero
606 2901 804 2954 faustos
831 2901 1135 2971 quicunque
1162 2903 1303 2955 voles
1330 2903 1641 2974 hymenaeOS,

345 3011 540 3082 Aspice
565 3011 621 3063 in
647 3021 831 3066 octavo
859 3013 1028 3082 qualis
1055 3013 1123 3066 sit
1151 3013 1309 3066 Delia
1333 3014 1515 3067 lustro,
