2418 3944
301 469 304 472 ⁴
351 513 353 531 2
437 466 520 508 278
881 465 1275 507 ANTHOLOGIA
1319 465 1691 507 OXONIENSIS.

1203 890 1409 927 LXXVI.

1026 1095 1032 1099 ἢ
1060 1023 1228 1097 {fiatur
1258 1023 1511 1095 jusimus.

738 1183 921 1227 Prodita
941 1184 1154 1227 laxabant
1175 1190 1406 1242 portarum
1427 1183 1618 1226 claustra
1640 1181 1839 1240 tyrannis

736 1262 981 1306 Exsulibus
996 1262 1187 1320 juvenes
1208 1261 1345 1320 ipsius
1367 1259 1570 1305 consulis.

538 1379 691 1433 STAT
718 1366 983 1449 trepidans
1010 1379 1246 1431 Brutus:
1294 1377 1559 1446 mortique
1584 1385 1798 1447 paratus
1823 1383 2050 1444 uterquc

610 1475 733 1547 Stat
754 1476 874 1544 reus
898 1474 1093 1544 iratum
1116 1491 1256 1543 filius
1281 1499 1404 1543 ante
1429 1498 1647 1560 patrem.
2017 1474 2023 1478 ⁴

534 1603 587 1657 N
591 1622 649 1656 ec
673 1603 880 1674 genitor
904 1585 1148 1655 'damnare
1174 1586 1364 1672 potest,
1392 1621 1489 1655 nec
1513 1621 1724 1672 parcere
1750 1601 1947 1664 consul,

605 1713 779 1783 Inque
805 1714 944 1767 vices
971 1695 1178 1767 veniam
1203 1713 1400 1783 datque
1426 1721 1693 1784 negatque
1718 1731 1939 1783 parens3
2022 1705 2027 1708 ’

539 1824 645 1880 Sed
669 1826 824 1878 simul
849 1845 908 1878 ac
932 1825 1127 1896 patrias
1153 1826 1329 1878 oculos
1355 1825 1615 1879 convertit
1642 1825 1706 1877 ad
1733 1844 1846 1877 aras
2410 1847 2418 1899 3

612 1935 857 2006 Saxaque
886 1935 1112 2006 Tarpeio
1138 1936 1239 1988 rite
1266 1936 1439 1989 dicata
1464 1936 1505 1990 J
1509 1936 1611 1999 ovi,
2016 1917 2019 1920 .
2415 1916 2418 1920 ’

537 2047 677 2100 Tum
701 2048 953 2118 genitoris
979 2068 1123 2101 amor
1147 2049 1330 2119 patriae
1356 2049 1613 2102 concessit
1639 2047 1818 2110 amori,

607 2160 698 2223 Et,
726 2136 874 2230 patre
900 2161 1152 2230 deposito,
1180 2161 1256 2213 nil
1281 2161 1381 2213 nisi
1407 2161 1590 2214 consul
1616 2137 1742 2213 erat.

463 2279 496 2302 ‘⁶
540 2270 742 2326 Siccine
768 2271 941 2323 Roma
965 2272 1093 2323 meis
1111 2304 1179 2311 —
1201 2273 1294 2341 qui
1320 2292 1530 2343 possum
1555 2272 1806 2325 dicere—
1822 2270 1959 2323 natis

608 2382 850 2445 Decidet,
880 2402 1097 2436 excusso
1122 2383 1288 2436 libera
1312 2383 1485 2436 Roma
1501 2385 1676 2454 jugo?
1750 2388 1752 2390 ’

535 2495 694 2548 Anne
719 2496 913 2548 iterum
937 2470 1151 2565 aspiciet
1176 2504 1485 2586 regnantem
1510 2495 1684 2549 Roma
1713 2494 2050 2565 Superbum?

608 2604 701 2657 An
726 2604 871 2657 dabit
895 2604 981 2657 hic
1006 2602 1184 2657 nostro
1203 2606 1325 2697 jura
1349 2605 1582 2658 timenda
1606 2605 1760 2658 foro?

536 2719 630 2771 Dii
653 2719 870 2772 melius,
860 2718 871 2755 ἵ
889 2750 960 2757 -
979 2718 1168 2781 Testis,
1197 2727 1436 2788 stuprata
1461 2719 1713 2772 Lucretia
1737 2719 1903 2782 testiS,

564 2830 833 2898 Qualia,
851 2826 1138 2900 Tarquinio
1163 2803 1411 2921 principe,
1439 2823 1612 2883 Roma
1635 2831 1776 2883 tulit.

536 2941 694 2994 Anne
719 2950 923 3012 patrem
947 2940 1126 3011 patriae
1151 2959 1235 2993 me
1259 2933 1425 2993 libera
1449 2940 1623 2994 Roma
1647 2941 1899 2994 vocabit?

614 3053 685 3108 Et
709 3047 932 3125 patriam
955 3053 1092 3107 natis
1117 3024 1474 3142 posthabuisse
1499 3054 1677 3106 ferar?

537 3167 659 3220 Non
683 3166 760 3220 ita
778 3167 985 3219 —laesa
1009 3184 1185 3218 meum
1202 3166 1312 3234 jam
1338 3156 1504 3235 poscit
1530 3165 1702 3219 Roma
1728 3184 1980 3228 cruorem,

609 3276 717 3328 Pro
742 3275 911 3346 patria
934 3275 1175 3328 fusus‘,sit
1202 3270 1354 3328 cruOr
1378 3275 1477 3327 iste
1503 3294 1633 3327 mea.
