2418 3944
485 454 574 496 260
931 456 1015 497 AN
1017 457 1329 500 THOLOGIA
1372 457 1746 501 OXONIENSIS.

505 722 713 777 Deinde
738 724 831 777 ubi
855 724 1133 794 temperies
1158 732 1376 787 mutata,
1405 734 1565 795 atque
1592 745 1718 778 aura
1743 745 1970 796 superna

578 835 821 889 Liberior
845 855 1005 889 verno
1029 835 1236 889 flamine
1261 836 1458 889 mulcet
1482 836 1716 900 humum,

509 944 780 1000 Castaneae
805 946 1055 1000 immanes
1080 946 1202 1009 illio,
1231 954 1285 1000 et
1310 946 1535 1016 plurima
1561 966 1785 1016 quereus

578 1058 686 1111 Per
709 1058 940 1111 medium
963 1066 1119 1111 nutat
1143 1058 1336 1111 montis
1361 1077 1520 1128 opaea
1543 1059 1695 1112 latus

505 1169 638 1223 Inde
664 1170 763 1223 tibi
788 1170 996 1223 eulmen
1022 1170 1304 1240 superanti,
1331 1170 1494 1223 rarior
1519 1170 1680 1223 aether

579 1280 794 1352 Algere,
823 1290 878 1334 et
904 1280 1058 1334 silvas
1084 1280 1370 1350 despoliare
1397 1281 1566 1334 comis,

503 1395 636 1447 Mox
661 1394 826 1466 glaeie
852 1405 906 1447 et
932 1393 1096 1447 sterili
1120 1393 1305 1446 bruma
1321 1393 1453 1463 juga
1477 1391 1607 1444 dura
1629 1391 1913 1461 rigescunt,

580 1506 826 1561 Summus
852 1514 906 1559 et
932 1513 1126 1558 aeterna
1151 1512 1255 1557 stat
1280 1504 1401 1557 nive
1427 1522 1586 1556 canus
1611 1522 1758 1572 apeX.

503 1618 650 1670 Dum
675 1617 831 1688 longe
857 1616 1056 1672 albenti
1081 1615 1290 1686 signans
1314 1633 1506 1684 purum
1531 1613 1725 1666 aethera
1749 1620 1924 1665 tractu

577 1729 829 1784 Cernitur
853 1749 881 1782 e
908 1728 1121 1781 summis
1145 1726 1383 1780 faucibus
1407 1726 1483 1779 ire
1509 1744 1685 1795 vapor,

504 1840 643 1893 Tum
669 1860 850 1894 secura
875 1840 1024 1909 quies
1049 1838 1249 1900 AEtnae‚
1277 1845 1394 1889 tum
1419 1836 1646 1889 carmine
1671 1835 1833 1888 valles

574 1951 650 2004 Et
674 1959 920 2004 resonant
945 1950 1092 2004 festis
1116 1968 1308 2020 pascua
1332 1949 1452 2001 laeta
1476 1948 1658 2001 choris.

442 2078 448 2084 ’
503 2062 643 2116 Atra
668 2063 775 2115 ruit
801 2070 959 2115 vastae
985 2062 1151 2114 nubes
1176 2079 1408 2131 praesaga
1432 2059 1611 2121 ruinae,

578 2172 830 2224 Tartareo
855 2171 920 2223 ad
946 2190 1194 2241 superum
1219 2169 1416 2223 vortice
1442 2168 1597 2220 missa
1620 2167 1811 2238 polum.

502 2282 543 2336 J
547 2302 630 2335 am
654 2289 995 2351 tempestates
1022 2280 1272 2342 cinerum,
1300 2287 1558 2347 terraeque
1583 2286 1852 2339 tremoreS,

575 2396 1038 2462 Flammarumque
1063 2393 1203 2446 inter
1229 2412 1353 2444 saxa
1378 2391 1559 2444 voluta
1583 2390 1780 2462 globos,

505 2506 746 2575 Totaque
774 2505 1017 2557 sulfureis
1044 2503 1262 2556 suffecta
1286 2502 1564 2572 vaporibus
1590 2521 1731 2564 aura,

576 2616 937 2687 Fulguraque,
968 2622 1021 2667 et
1048 2614 1221 2666 subita
1246 2612 1455 2666 condita
1478 2620 1630 2664 noete
1657 2611 1781 2673 dies,

504 2729 690 2799 Atque
717 2729 823 2781 alta
848 2727 1076 2779 AEtnaeis
1103 2725 1321 2795 suspiria
1345 2732 1514 2777 tracta
1544 2723 1794 2786 cavernis,

578 2840 694 2895 Ceu
718 2858 866 2892 mons
892 2857 958 2891 ex
982 2838 1087 2889 imo
1112 2837 1293 2907 lugeat
1317 2835 1427 2906 ipse
1453 2835 1588 2897 sinu,

503 2949 651 3002 Dant
677 2945 1307 3019 signum—liquidusque
1332 2945 1483 3015 ignis,
1512 2942 1914 3014 Phlegethontis
1939 2942 2126 3014 imago,

576 3057 822 3111 Torrenti
847 3055 1100 3109 effervens
1123 3052 1581 3106 flumineinundat
1606 3071 1784 3123 agros:

505 3170 613 3222 Per
638 3187 866 3230 nemora,
895 3174 948 3219 et
973 3165 1124 3227 viteS‚
1146 3183 1238 3235 per
1263 3164 1444 3234 pulora
1467 3163 1677 3234 palatia,
1707 3171 1760 3216 et
1785 3162 1978 3224 hortOS,

579 3279 862 3333 Involvens
887 3277 1071 3331 humili
1096 3276 1292 3347 templa
1316 3276 1598 3344 domosque
1625 3294 1755 3337 oasa,
