2418 3944
723 462 1118 503 ANTHOLOGIA
1162 461 1536 502 OXONIENSIS.
1931 462 1948 501 1
1960 462 1978 501 l

1098 706 1177 742 IV.

496 926 765 981 ORNARIS
790 934 939 978 tanta
963 925 1131 987 nimis,
1158 925 1264 977 heu
1285 923 1296 976 1
1336 922 1616 976 crudeliter
1641 933 1770 986 arte,

567 1038 875 1107 Letalisque
900 1038 1060 1108 prius,
1088 1037 1209 1090 tabe
1236 1036 1427 1107 sagitta
1445 1036 1636 1089 mades.

1746 1145 1807 1177 w,
1824 1144 1967 1177 nrm.

1106 1413 1160 1448 V.

958 1515 1104 1575 Uita
1145 1515 1312 1585 fugax.

391 1649 620 1717 QUALIS
646 1648 739 1702 ubi
766 1647 1028 1702 Hebudiae
1054 1656 1232 1718 pastor
1257 1646 1322 1700 de
1349 1647 1545 1701 vertice
1572 1648 1735 1718 rupiS,

463 1761 596 1828 Quae
620 1761 775 1831 longe
804 1759 1029 1813 Arctoas
1048 1759 1213 1812 tristis
1239 1758 1517 1811 obumbrat
1544 1780 1722 1829 aquas9

392 1871 512 1926 Sole
538 1871 635 1924 sub
661 1870 890 1933 occiduo,
918 1870 1100 1940 procul
1125 1870 1180 1921 in
1206 1869 1440 1922 convalle
1466 1880 1683 1932 remota,

465 1981 714 2036 Saxosive
741 2001 897 2052 super
922 1982 1150 2034 culmina
1174 1982 1315 2034 nuda
1332 1982 1466 2052 jugi,

389 2085 507 2139 Aut
532 2085 692 2149 vide't,
721 2094 813 2138 aut
839 2086 1027 2138 vidisse
1052 2094 1207 2156 putat
1233 2086 1352 2157 (seu
1379 2086 1590 2139 credula
1615 2087 1751 2139 fallit

461 2196 620 2250 Mens
644 2216 869 2249 vacuum
895 2205 948 2250 et
974 2197 1110 2249 fietis
1135 2197 1271 2249 ludit
1297 2198 1629 2268 imaginibus,

393 2307 516 2362 Sive
543 2307 686 2376 quod
711 2307 860 2359 aeriae
885 2327 1267 2376 nonnunquam
1291 2308 1402 2361 haec
1428 2328 1645 2379 corpora
1669 2310 1846 2362 formae

464 2419 759 2491 Sumpsere,
787 2419 1028 2472 humanis
1053 2420 1416 2490 conspicienda
1440 2420 1647 2490 oculis,)

393 2531 734 2586 Innumeram
758 2532 1035 2603 glomerari
1060 2533 1239 2595 aciem,
1269 2533 1571 2602 circumque
1597 2532 1827 2585 moveri:
1848 2565 1917 2571 —

461 2642 595 2696 Mo'x
622 2642 802 2695 eadem
827 2642 882 2693 in
907 2651 1092 2695 ventos
1118 2642 1160 2694 it
1186 2643 1416 2695 resoluta
1440 2642 1597 2695 leves.

390 2756 554 2809 Haud
578 2757 731 2810 aliter
753 2757 936 2809 mortis
960 2756 1175 2827 fugiunt
1203 2757 1423 2810 evanida
1448 2757 1503 2808 in
1529 2757 1741 2810 umbras

462 2866 679 2937 Optima
704 2887 944 2937 quaeque,
971 2869 1241 2922 hominum
1267 2870 1416 2939 queis
1442 2869 1539 2923 sibi
1564 2870 1674 2922 vita
1698 2869 1870 2940 placet
1890 2889 1902 2920 ε

390 2979 592 3043 Gratia,
621 2999 759 3050 opeS‚
787 2980 1019 3032 studium
1046 2980 1252 3050 sophiae,
1280 2980 1602 3050 laudumque
1628 2980 1831 3050 cupide,

462 3089 628 3142 Fidus
653 3109 810 3152 amor,
838 3090 954 3142 fidae
979 3091 1170 3161 gaudia
1195 3092 1433 3144 amicitiae
1453 3113 1465 3143 :

390 3201 493 3254 His
510 3201 690 3271 itaque
716 3211 778 3255 ut
803 3202 1049 3255 brevibus
1073 3202 1264 3265 fruere,
1292 3212 1538 3256 aeternam
1557 3223 1665 3256 esse
1686 3212 1966 3272 memento,

464 3312 598 3379 Quae
624 3320 741 3382 post
765 3311 857 3364 has
883 3312 1125 3365 tenebras
1151 3321 1229 3365 est
1255 3313 1454 3365 oritura
1478 3313 1600 3366 dies,

1841 3407 1882 3437 Ην.
