<?xml version="1.0" encoding="UTF-8"?>
<!DOCTYPE html PUBLIC "-//W3C//DTD XHTML 1.0 Transitional//EN"
    "http://www.w3.org/TR/xhtml1/DTD/xhtml1-transitional.dtd">
<html xmlns="http://www.w3.org/1999/xhtml" xml:lang="en" lang="en">
 <head>
  <title>
</title>
<meta http-equiv="Content-Type" content="text/html;charset=utf-8" />
  <meta name='ocr-system' content='tesseract 3.04.00' />
  <meta name='ocr-capabilities' content='ocr_page ocr_carea ocr_par ocr_line ocrx_word'/>
</head>
<body>
  <div class='ocr_page' id='page_1' title='image "./anthologiaoxonie00linwuoft_0099.png"; bbox 0 0 2418 3944; ppageno 0'>
   <div class='ocr_carea' id='block_1_1' title="bbox 0 0 421 127">
    <p class='ocr_par' dir='ltr' id='par_1_1' title="bbox 0 0 421 127">
     <span class='ocr_line' id='line_1_1' title="bbox 0 0 421 127; baseline 0 3817"><span class='ocrx_word' id='word_1_1' title='bbox 0 0 421 127; x_wconf 95' lang='lat' dir='ltr'> </span> 
     </span>
    </p>
   </div>
   <div class='ocr_carea' id='block_1_2' title="bbox 194 359 1993 3554">
    <p class='ocr_par' dir='ltr' id='par_1_2' title="bbox 194 359 1993 3554">
     <span class='ocr_line' id='line_1_2' title="bbox 194 359 1993 693; baseline 0 -168"><span class='ocrx_word' id='word_1_2' title='bbox 194 359 1993 693; x_wconf 95' lang='lat' dir='ltr'>    </span> 
     </span>
     <span class='ocr_line' id='line_1_3' title="bbox 197 693 1993 3554; baseline 0 -2761"><span class='ocrx_word' id='word_1_3' title='bbox 197 693 528 3554; x_wconf 95' lang='lat' dir='ltr'>  </span> <span class='ocrx_word' id='word_1_4' title='bbox 1563 693 1993 838; x_wconf 95' lang='lat' dir='ltr'> </span> 
     </span>
    </p>
   </div>
   <div class='ocr_carea' id='block_1_3' title="bbox 726 459 1541 503">
    <p class='ocr_par' dir='ltr' id='par_1_3' title="bbox 726 459 1541 503">
     <span class='ocr_line' id='line_1_4' title="bbox 726 459 1541 503; baseline 0.001 -3"><span class='ocrx_word' id='word_1_5' title='bbox 726 459 1123 501; x_wconf 87' lang='lat' dir='ltr'>ANTHOLOGIA</span> <span class='ocrx_word' id='word_1_6' title='bbox 1166 459 1541 503; x_wconf 86' lang='lat' dir='ltr'>OXONIENSIS.</span> 
     </span>
    </p>
   </div>
   <div class='ocr_carea' id='block_1_4' title="bbox 527 729 1563 1011">
    <p class='ocr_par' dir='ltr' id='par_1_4' title="bbox 527 729 1563 1011">
     <span class='ocr_line' id='line_1_5' title="bbox 528 729 1563 802; baseline -0.004 -15"><span class='ocrx_word' id='word_1_7' title='bbox 528 731 638 798; x_wconf 86' lang='grc' dir='ltr'>Στῆ</span> <span class='ocrx_word' id='word_1_8' title='bbox 663 730 705 784; x_wconf 85' lang='grc' dir='ltr'>δ’</span> <span class='ocrx_word' id='word_1_9' title='bbox 733 730 870 799; x_wconf 89' lang='grc' dir='ltr'>ὅμως</span> <span class='ocrx_word' id='word_1_10' title='bbox 894 735 1046 798; x_wconf 87' lang='grc' dir='ltr'>κῆνος</span> <span class='ocrx_word' id='word_1_11' title='bbox 1069 729 1223 798; x_wconf 97' lang='grc' dir='ltr'>μόνος</span> <span class='ocrx_word' id='word_1_12' title='bbox 1248 729 1332 794; x_wconf 86' lang='grc' dir='ltr'>ὤν,</span> <span class='ocrx_word' id='word_1_13' title='bbox 1361 733 1563 802; x_wconf 81' lang='grc' dir='ltr'>ἐρᾶμος,</span> 
     </span>
     <span class='ocr_line' id='line_1_6' title="bbox 527 835 1539 908; baseline -0.001 -18"><span class='ocrx_word' id='word_1_14' title='bbox 527 837 713 906; x_wconf 91' lang='grc' dir='ltr'>μάντις</span> <span class='ocrx_word' id='word_1_15' title='bbox 737 836 820 899; x_wconf 83' lang='grc' dir='ltr'>ὥς,</span> <span class='ocrx_word' id='word_1_16' title='bbox 849 836 1029 890; x_wconf 89' lang='grc' dir='ltr'>δεινοῖς</span> <span class='ocrx_word' id='word_1_17' title='bbox 1052 835 1259 889; x_wconf 84' lang='grc' dir='ltr'>ε’πέεσσ’</span> <span class='ocrx_word' id='word_1_18' title='bbox 1286 836 1539 908; x_wconf 80' lang='grc' dir='ltr'>ἀταρβής,</span> 
     </span>
     <span class='ocr_line' id='line_1_7' title="bbox 531 940 1410 1011; baseline -0.003 -16"><span class='ocrx_word' id='word_1_19' title='bbox 531 941 639 995; x_wconf 80' lang='grc' dir='ltr'>οἶσι</span> <span class='ocrx_word' id='word_1_20' title='bbox 665 944 759 994; x_wconf 83' lang='grc' dir='ltr'>τᾶς</span> <span class='ocrx_word' id='word_1_21' title='bbox 784 941 915 995; x_wconf 86' lang='grc' dir='ltr'>ὕλας</span> <span class='ocrx_word' id='word_1_22' title='bbox 938 940 1199 994; x_wconf 82' lang='grc' dir='ltr'>ἐδονοῦντο</span> <span class='ocrx_word' id='word_1_23' title='bbox 1225 940 1410 1011; x_wconf 88' lang='grc' dir='ltr'>φύλλα</span> 
     </span>
    </p>
   </div>
   <div class='ocr_carea' id='block_1_5' title="bbox 1190 1044 1597 1116">
    <p class='ocr_par' dir='ltr' id='par_1_5' title="bbox 1190 1044 1597 1116">
     <span class='ocr_line' id='line_1_8' title="bbox 1190 1044 1597 1116; baseline 0.007 -19"><span class='ocrx_word' id='word_1_24' title='bbox 1190 1044 1338 1116; x_wconf 81' lang='grc' dir='ltr'>ξηρά,</span> <span class='ocrx_word' id='word_1_25' title='bbox 1368 1045 1597 1101; x_wconf 84' lang='grc' dir='ltr'>θυέλλας</span> 
     </span>
    </p>
   </div>
   <div class='ocr_carea' id='block_1_6' title="bbox 534 1149 1679 1223">
    <p class='ocr_par' dir='ltr' id='par_1_6' title="bbox 534 1149 1679 1223">
     <span class='ocr_line' id='line_1_9' title="bbox 534 1149 1679 1223; baseline -0.001 -19"><span class='ocrx_word' id='word_1_26' title='bbox 534 1153 602 1204; x_wconf 89' lang='grc' dir='ltr'>ὡς</span> <span class='ocrx_word' id='word_1_27' title='bbox 626 1151 986 1223; x_wconf 89' lang='grc' dir='ltr'>παρελθοίσας</span> <span class='ocrx_word' id='word_1_28' title='bbox 1002 1150 1295 1218; x_wconf 84' lang='grc' dir='ltr'>-Διδύμω</span> <span class='ocrx_word' id='word_1_29' title='bbox 1319 1149 1386 1218; x_wconf 61' lang='grc' dir='ltr'>«γ’,</span> <span class='ocrx_word' id='word_1_30' title='bbox 1415 1151 1679 1222; x_wconf 80' lang='grc' dir='ltr'>ὑπέρφρον</span> 
     </span>
    </p>
   </div>
   <div class='ocr_carea' id='block_1_7' title="bbox 522 1255 1624 1859">
    <p class='ocr_par' dir='ltr' id='par_1_7' title="bbox 522 1255 1624 1859">
     <span class='ocr_line' id='line_1_10' title="bbox 522 1255 1443 1325; baseline 0 -16"><span class='ocrx_word' id='word_1_31' title='bbox 522 1255 692 1320; x_wconf 75' lang='grc' dir='ltr'>”Αλι’,</span> <span class='ocrx_word' id='word_1_32' title='bbox 719 1258 875 1325; x_wconf 79' lang='grc' dir='ltr'>ἐσμὲν</span> <span class='ocrx_word' id='word_1_33' title='bbox 899 1256 961 1324; x_wconf 85' lang='grc' dir='ltr'>δὴ</span> <span class='ocrx_word' id='word_1_34' title='bbox 988 1256 1180 1324; x_wconf 83' lang='grc' dir='ltr'>διδύμω</span> <span class='ocrx_word' id='word_1_35' title='bbox 1207 1255 1443 1310; x_wconf 81' lang='grc' dir='ltr'>θανόντε·</span> 
     </span>
     <span class='ocr_line' id='line_1_11' title="bbox 536 1362 1443 1435; baseline -0.002 -18"><span class='ocrx_word' id='word_1_36' title='bbox 536 1364 679 1432; x_wconf 83' lang='grc' dir='ltr'>ὄμμα</span> <span class='ocrx_word' id='word_1_37' title='bbox 702 1362 806 1435; x_wconf 62' lang='grc' dir='ltr'>«γὰρ</span> <span class='ocrx_word' id='word_1_38' title='bbox 831 1364 1011 1417; x_wconf 80' lang='grc' dir='ltr'>τέτακε</span> <span class='ocrx_word' id='word_1_39' title='bbox 1036 1362 1163 1427; x_wconf 87' lang='grc' dir='ltr'>τεόν,</span> <span class='ocrx_word' id='word_1_40' title='bbox 1191 1362 1305 1416; x_wconf 87' lang='grc' dir='ltr'>τεὸν</span> <span class='ocrx_word' id='word_1_41' title='bbox 1330 1362 1443 1435; x_wconf 82' lang='grc' dir='ltr'>δρό-</span> 
     </span>
     <span class='ocr_line' id='line_1_12' title="bbox 1198 1472 1624 1536; baseline 0 -14"><span class='ocrx_word' id='word_1_42' title='bbox 1198 1490 1349 1536; x_wconf 86' lang='grc' dir='ltr'>μημα</span> <span class='ocrx_word' id='word_1_43' title='bbox 1373 1472 1599 1522; x_wconf 84' lang='grc' dir='ltr'>τελεῖται</span> <span class='ocrx_word' id='word_1_44' title='bbox 1613 1488 1624 1500; x_wconf 90' lang='grc'><em>·</em></span> 
     </span>
     <span class='ocr_line' id='line_1_13' title="bbox 540 1574 1495 1647; baseline -0.003 -17"><span class='ocrx_word' id='word_1_45' title='bbox 540 1579 625 1644; x_wconf 87' lang='grc' dir='ltr'>ζῆν</span> <span class='ocrx_word' id='word_1_46' title='bbox 649 1575 718 1629; x_wconf 75' lang='grc' dir='ltr'>ἔτ’</span> <span class='ocrx_word' id='word_1_47' title='bbox 744 1575 1021 1647; x_wconf 84' lang='grc' dir='ltr'>οἰκτίρμων</span> <span class='ocrx_word' id='word_1_48' title='bbox 1048 1574 1179 1628; x_wconf 85' lang='grc' dir='ltr'>Θεὸς</span> <span class='ocrx_word' id='word_1_49' title='bbox 1204 1574 1299 1627; x_wconf 87' lang='grc' dir='ltr'>οὐκ</span> <span class='ocrx_word' id='word_1_50' title='bbox 1323 1576 1382 1646; x_wconf 80' lang='grc' dir='ltr'>ἐᾷ</span> <span class='ocrx_word' id='word_1_51' title='bbox 1409 1574 1495 1627; x_wconf 85' lang='grc' dir='ltr'>σέ·</span> 
     </span>
     <span class='ocr_line' id='line_1_14' title="bbox 541 1678 1402 1752; baseline -0.003 -17"><span class='ocrx_word' id='word_1_52' title='bbox 541 1681 630 1735; x_wconf 88' lang='grc' dir='ltr'>καὶ</span> <span class='ocrx_word' id='word_1_53' title='bbox 654 1681 756 1752; x_wconf 57' lang='grc' dir='ltr'>’γὰρ</span> <span class='ocrx_word' id='word_1_54' title='bbox 783 1679 981 1734; x_wconf 86' lang='grc' dir='ltr'>αἰώνων</span> <span class='ocrx_word' id='word_1_55' title='bbox 1006 1679 1092 1733; x_wconf 79' lang='grc' dir='ltr'>διὰ</span> <span class='ocrx_word' id='word_1_56' title='bbox 1116 1679 1312 1751; x_wconf 88' lang='grc' dir='ltr'>μυρίων</span> <span class='ocrx_word' id='word_1_57' title='bbox 1337 1678 1402 1732; x_wconf 79' lang='grc' dir='ltr'>ἃν</span> 
     </span>
     <span class='ocr_line' id='line_1_15' title="bbox 540 1783 1548 1859; baseline -0.002 -19"><span class='ocrx_word' id='word_1_58' title='bbox 540 1787 646 1859; x_wconf 82' lang='grc' dir='ltr'>ῥεῖν</span> <span class='ocrx_word' id='word_1_59' title='bbox 670 1785 770 1839; x_wconf 81' lang='grc' dir='ltr'>ἴδες</span> <span class='ocrx_word' id='word_1_60' title='bbox 794 1785 972 1853; x_wconf 67' lang='grc' dir='ltr'>πανγὰν</span> <span class='ocrx_word' id='word_1_61' title='bbox 997 1783 1229 1856; x_wconf 86' lang='grc' dir='ltr'>δακρύων</span> <span class='ocrx_word' id='word_1_62' title='bbox 1252 1785 1464 1857; x_wconf 81' lang='grc' dir='ltr'>βροτοῖς</span> <span class='ocrx_word' id='word_1_63' title='bbox 1487 1786 1548 1838; x_wconf 83' lang='grc' dir='ltr'>οὐ</span> 
     </span>
    </p>
   </div>
   <div class='ocr_carea' id='block_1_8' title="bbox 1196 1889 1620 1961">
    <p class='ocr_par' dir='ltr' id='par_1_8' title="bbox 1196 1889 1620 1961">
     <span class='ocr_line' id='line_1_16' title="bbox 1196 1889 1620 1961; baseline 0.002 -18"><span class='ocrx_word' id='word_1_64' title='bbox 1196 1889 1434 1961; x_wconf 85' lang='grc' dir='ltr'>ῥεύσεται</span> <span class='ocrx_word' id='word_1_65' title='bbox 1459 1890 1620 1944; x_wconf 80' lang='grc' dir='ltr'>αὖθις.</span> 
     </span>
    </p>
   </div>
   <div class='ocr_carea' id='block_1_9' title="bbox 522 2092 1675 3235">
    <p class='ocr_par' dir='ltr' id='par_1_9' title="bbox 522 2092 1675 3235">
     <span class='ocr_line' id='line_1_17' title="bbox 532 2092 1505 2176; baseline 0 -20"><span class='ocrx_word' id='word_1_66' title='bbox 532 2103 666 2157; x_wconf 46' lang='grc' dir='ltr'>(Ἀδε</span> <span class='ocrx_word' id='word_1_67' title='bbox 690 2126 770 2157; x_wconf 94' lang='grc' dir='ltr'>τοι</span> <span class='ocrx_word' id='word_1_68' title='bbox 794 2103 956 2176; x_wconf 80' lang='grc' dir='ltr'>ψυχὰ</span> <span class='ocrx_word' id='word_1_69' title='bbox 980 2104 1146 2156; x_wconf 91' lang='grc' dir='ltr'>πάλιν</span> <span class='ocrx_word' id='word_1_70' title='bbox 1171 2102 1241 2156; x_wconf 87' lang='grc' dir='ltr'>εἰς</span> <span class='ocrx_word' id='word_1_71' title='bbox 1265 2092 1505 2166; x_wconf 83' lang='grc' dir='ltr'>Ἐκεῖνον,</span> 
     </span>
     <span class='ocr_line' id='line_1_18' title="bbox 546 2207 1511 2282; baseline -0.002 -19"><span class='ocrx_word' id='word_1_72' title='bbox 546 2209 653 2263; x_wconf 89' lang='grc' dir='ltr'>δῖον</span> <span class='ocrx_word' id='word_1_73' title='bbox 678 2208 733 2263; x_wconf 82' lang='grc' dir='ltr'>ὃς</span> <span class='ocrx_word' id='word_1_74' title='bbox 757 2209 1023 2282; x_wconf 84' lang='grc' dir='ltr'>σπινθῆρα</span> <span class='ocrx_word' id='word_1_75' title='bbox 1047 2210 1273 2281; x_wconf 82' lang='grc' dir='ltr'>παρεῖχ’,</span> <span class='ocrx_word' id='word_1_76' title='bbox 1301 2207 1511 2271; x_wconf 83' lang='grc' dir='ltr'>ἄνεισιν,</span> 
     </span>
     <span class='ocr_line' id='line_1_19' title="bbox 546 2315 1551 2388; baseline -0.001 -19"><span class='ocrx_word' id='word_1_77' title='bbox 546 2315 669 2369; x_wconf 87' lang='grc' dir='ltr'>ἀλλ’</span> <span class='ocrx_word' id='word_1_78' title='bbox 695 2315 821 2369; x_wconf 86' lang='grc' dir='ltr'>ὅταν</span> <span class='ocrx_word' id='word_1_79' title='bbox 845 2315 1026 2388; x_wconf 73' lang='grc' dir='ltr'>κρύψῃ</span> <span class='ocrx_word' id='word_1_80' title='bbox 1051 2316 1239 2368; x_wconf 88' lang='grc' dir='ltr'>σκοτία</span> <span class='ocrx_word' id='word_1_81' title='bbox 1262 2337 1324 2369; x_wconf 90' lang='grc' dir='ltr'>σε</span> <span class='ocrx_word' id='word_1_82' title='bbox 1350 2315 1551 2378; x_wconf 84' lang='grc' dir='ltr'>καύτόν,</span> 
     </span>
     <span class='ocr_line' id='line_1_20' title="bbox 1200 2421 1599 2494; baseline 0.003 -20"><span class='ocrx_word' id='word_1_83' title='bbox 1200 2421 1260 2475; x_wconf 79' lang='grc' dir='ltr'>οὔ</span> <span class='ocrx_word' id='word_1_84' title='bbox 1283 2444 1364 2475; x_wconf 92' lang='grc' dir='ltr'>τοι</span> <span class='ocrx_word' id='word_1_85' title='bbox 1388 2421 1599 2494; x_wconf 81' lang='grc' dir='ltr'>ἀμαυρὰ</span> 
     </span>
     <span class='ocr_line' id='line_1_21' title="bbox 522 2526 1675 2603; baseline -0.002 -21"><span class='ocrx_word' id='word_1_86' title='bbox 522 2601 525 2603; x_wconf 19' lang='lat'><strong>¹</strong></span> <span class='ocrx_word' id='word_1_87' title='bbox 546 2527 646 2601; x_wconf 87' lang='grc' dir='ltr'>(μὴ</span> <span class='ocrx_word' id='word_1_88' title='bbox 669 2528 732 2582; x_wconf 86' lang='grc' dir='ltr'>τὺ</span> <span class='ocrx_word' id='word_1_89' title='bbox 755 2528 1027 2601; x_wconf 88' lang='grc' dir='ltr'>προσδόκα</span> <span class='ocrx_word' id='word_1_90' title='bbox 1051 2528 1167 2581; x_wconf 89' lang='grc' dir='ltr'>τόδε</span> <span class='ocrx_word' id='word_1_91' title='bbox 1189 2526 1266 2600; x_wconf 50' lang='grc' dir='ltr'>ιγ’)</span> <span class='ocrx_word' id='word_1_92' title='bbox 1291 2527 1456 2591; x_wconf 81' lang='grc' dir='ltr'>ἔσται,</span> <span class='ocrx_word' id='word_1_93' title='bbox 1487 2527 1547 2580; x_wconf 80' lang='grc' dir='ltr'>οὕ</span> <span class='ocrx_word' id='word_1_94' title='bbox 1571 2547 1675 2580; x_wconf 88' lang='grc' dir='ltr'>τοι·</span> 
     </span>
     <span class='ocr_line' id='line_1_22' title="bbox 548 2633 1483 2705; baseline -0.002 -17"><span class='ocrx_word' id='word_1_95' title='bbox 548 2633 696 2688; x_wconf 84' lang='grc' dir='ltr'>αὖθις</span> <span class='ocrx_word' id='word_1_96' title='bbox 719 2634 788 2687; x_wconf 77' lang='grc' dir='ltr'>αὖ</span> <span class='ocrx_word' id='word_1_97' title='bbox 810 2634 1083 2699; x_wconf 82' lang='grc' dir='ltr'>βιώσεται,</span> <span class='ocrx_word' id='word_1_98' title='bbox 1111 2633 1168 2687; x_wconf 76' lang='grc' dir='ltr'>ἔκ</span> <span class='ocrx_word' id='word_1_99' title='bbox 1192 2655 1248 2687; x_wconf 91' lang='grc' dir='ltr'>τε</span> <span class='ocrx_word' id='word_1_100' title='bbox 1271 2633 1483 2705; x_wconf 72' lang='grc' dir='ltr'>λάμψει</span> 
     </span>
     <span class='ocr_line' id='line_1_23' title="bbox 551 2739 1602 2812; baseline -0.002 -19"><span class='ocrx_word' id='word_1_101' title='bbox 551 2744 728 2794; x_wconf 89' lang='grc' dir='ltr'>σοῖσιν</span> <span class='ocrx_word' id='word_1_102' title='bbox 750 2739 1004 2811; x_wconf 65' lang='grc' dir='ltr'>ἀκγνώστῳ</span> <span class='ocrx_word' id='word_1_103' title='bbox 1028 2741 1314 2812; x_wconf 64' lang='grc' dir='ltr'>«γλεφάροις</span> <span class='ocrx_word' id='word_1_104' title='bbox 1337 2742 1390 2792; x_wconf 80' lang='grc' dir='ltr'>ἐν</span> <span class='ocrx_word' id='word_1_105' title='bbox 1414 2740 1577 2812; x_wconf 60' lang='grc' dir='ltr'>αἴτγλᾳ</span> <span class='ocrx_word' id='word_1_106' title='bbox 1591 2758 1602 2769; x_wconf 92' lang='grc'><em>·</em></span> 
     </span>
     <span class='ocr_line' id='line_1_24' title="bbox 1205 2845 1656 2918; baseline -0.004 -19"><span class='ocrx_word' id='word_1_107' title='bbox 1205 2850 1358 2900; x_wconf 85' lang='grc' dir='ltr'>τοῦτο</span> <span class='ocrx_word' id='word_1_108' title='bbox 1384 2845 1427 2899; x_wconf 82' lang='grc' dir='ltr'>δ’</span> <span class='ocrx_word' id='word_1_109' title='bbox 1454 2845 1656 2918; x_wconf 67' lang='grc' dir='ltr'>ἐνγερθὲν</span> 
     </span>
     <span class='ocr_line' id='line_1_25' title="bbox 554 2950 1584 3020; baseline -0.002 -14"><span class='ocrx_word' id='word_1_110' title='bbox 554 2954 686 3020; x_wconf 84' lang='grc' dir='ltr'>σῶμ’</span> <span class='ocrx_word' id='word_1_111' title='bbox 713 2952 1002 3006; x_wconf 84' lang='grc' dir='ltr'>ἀναστάσει</span> <span class='ocrx_word' id='word_1_112' title='bbox 1027 2951 1174 3016; x_wconf 84' lang='grc' dir='ltr'>Θεός,</span> <span class='ocrx_word' id='word_1_113' title='bbox 1203 2951 1258 3006; x_wconf 82' lang='grc' dir='ltr'>ὃς</span> <span class='ocrx_word' id='word_1_114' title='bbox 1282 2951 1342 3005; x_wconf 82' lang='grc' dir='ltr'>τὸ</span> <span class='ocrx_word' id='word_1_115' title='bbox 1367 2950 1584 3005; x_wconf 70' lang='grc' dir='ltr'>’δουλοῦν</span> 
     </span>
     <span class='ocr_line' id='line_1_26' title="bbox 552 3057 1451 3126; baseline -0.001 -14"><span class='ocrx_word' id='word_1_116' title='bbox 552 3057 646 3126; x_wconf 67' lang='grc' dir='ltr'>ἆκγε</span> <span class='ocrx_word' id='word_1_117' title='bbox 670 3057 955 3123; x_wconf 88' lang='grc' dir='ltr'>δουλώσας,</span> <span class='ocrx_word' id='word_1_118' title='bbox 983 3059 1115 3113; x_wconf 82' lang='grc' dir='ltr'>Θεὸς</span> <span class='ocrx_word' id='word_1_119' title='bbox 1140 3057 1195 3112; x_wconf 80' lang='grc' dir='ltr'>ὃς</span> <span class='ocrx_word' id='word_1_120' title='bbox 1220 3057 1278 3112; x_wconf 88' lang='grc' dir='ltr'>τὸ</span> <span class='ocrx_word' id='word_1_121' title='bbox 1305 3061 1451 3111; x_wconf 82' lang='grc' dir='ltr'>νικᾶν</span> 
     </span>
     <span class='ocr_line' id='line_1_27' title="bbox 552 3163 1585 3235; baseline -0.001 -18"><span class='ocrx_word' id='word_1_122' title='bbox 552 3163 748 3235; x_wconf 47' lang='grc' dir='ltr'>ἥρπασ)</span> <span class='ocrx_word' id='word_1_123' title='bbox 775 3165 834 3232; x_wconf 81' lang='grc' dir='ltr'>ἐξ</span> <span class='ocrx_word' id='word_1_124' title='bbox 857 3163 1036 3227; x_wconf 81' lang='grc' dir='ltr'>Αἴδου,</span> <span class='ocrx_word' id='word_1_125' title='bbox 1064 3163 1123 3217; x_wconf 88' lang='grc' dir='ltr'>τό</span> <span class='ocrx_word' id='word_1_126' title='bbox 1149 3185 1205 3217; x_wconf 91' lang='grc' dir='ltr'>τε</span> <span class='ocrx_word' id='word_1_127' title='bbox 1230 3163 1436 3235; x_wconf 80' lang='grc' dir='ltr'>κέντρον</span> <span class='ocrx_word' id='word_1_128' title='bbox 1459 3164 1585 3231; x_wconf 81' lang='grc' dir='ltr'>ἐξεῖ-</span> 
     </span>
    </p>
   </div>
   <div class='ocr_carea' id='block_1_10' title="bbox 1208 3269 1599 3344">
    <p class='ocr_par' dir='ltr' id='par_1_10' title="bbox 1208 3269 1599 3344">
     <span class='ocr_line' id='line_1_28' title="bbox 1208 3269 1599 3344; baseline -0.005 -22"><span class='ocrx_word' id='word_1_129' title='bbox 1208 3277 1301 3322; x_wconf 86' lang='grc' dir='ltr'>λεν</span> <span class='ocrx_word' id='word_1_130' title='bbox 1325 3269 1599 3344; x_wconf 83' lang='grc' dir='ltr'>Θανάτοιο.</span> 
     </span>
    </p>
   </div>
   <div class='ocr_carea' id='block_1_11' title="bbox 1326 3547 2059 3558">
    <p class='ocr_par' dir='ltr' id='par_1_11' title="bbox 1326 3547 2059 3558">
     <span class='ocr_line' id='line_1_29' title="bbox 1326 3547 2059 3558; baseline 0 0"><span class='ocrx_word' id='word_1_131' title='bbox 1326 3547 2059 3558; x_wconf 95' lang='lat' dir='ltr'> </span> 
     </span>
    </p>
   </div>
   <div class='ocr_carea' id='block_1_12' title="bbox 2081 2196 2093 3276">
    <p class='ocr_par' dir='ltr' id='par_1_12' title="bbox 2081 2196 2093 3276">
     <span class='ocr_line' id='line_1_30' title="bbox 2081 2196 2093 3276; baseline 0 0"><span class='ocrx_word' id='word_1_132' title='bbox 2081 2196 2093 3276; x_wconf 95' lang='lat' dir='ltr'> </span> 
     </span>
    </p>
   </div>
  </div>
 </body>
</html>
