<?xml version="1.0" encoding="UTF-8"?>
<!DOCTYPE html PUBLIC "-//W3C//DTD XHTML 1.0 Transitional//EN"
    "http://www.w3.org/TR/xhtml1/DTD/xhtml1-transitional.dtd">
<html xmlns="http://www.w3.org/1999/xhtml" xml:lang="en" lang="en">
 <head>
  <title>
</title>
<meta http-equiv="Content-Type" content="text/html;charset=utf-8" />
  <meta name='ocr-system' content='tesseract 3.04.00' />
  <meta name='ocr-capabilities' content='ocr_page ocr_carea ocr_par ocr_line ocrx_word'/>
</head>
<body>
  <div class='ocr_page' id='page_1' title='image "./anthologiaoxonie00linwuoft_0139.png"; bbox 0 0 2418 3944; ppageno 0'>
   <div class='ocr_carea' id='block_1_1' title="bbox 675 538 1493 581">
    <p class='ocr_par' dir='ltr' id='par_1_1' title="bbox 675 538 1493 581">
     <span class='ocr_line' id='line_1_1' title="bbox 675 538 1493 581; baseline 0 -1"><span class='ocrx_word' id='word_1_1' title='bbox 675 539 1073 581; x_wconf 81' lang='lat' dir='ltr'>ANTHOLOGIA</span> <span class='ocrx_word' id='word_1_2' title='bbox 1119 538 1493 580; x_wconf 76' lang='lat' dir='ltr'>OXONIENSIS.</span> 
     </span>
    </p>
   </div>
   <div class='ocr_carea' id='block_1_2' title="bbox 0 0 2418 774">
    <p class='ocr_par' dir='ltr' id='par_1_2' title="bbox 0 0 2418 774">
     <span class='ocr_line' id='line_1_2' title="bbox 0 0 2418 774; baseline 0 3170"><span class='ocrx_word' id='word_1_3' title='bbox 0 0 2418 774; x_wconf 95' lang='lat' dir='ltr'><strong> </strong></span> 
     </span>
    </p>
   </div>
   <div class='ocr_carea' id='block_1_3' title="bbox 343 806 1864 1478">
    <p class='ocr_par' dir='ltr' id='par_1_3' title="bbox 343 806 1684 975">
     <span class='ocr_line' id='line_1_3' title="bbox 343 806 1684 878; baseline -0.004 -15"><span class='ocrx_word' id='word_1_4' title='bbox 343 824 347 828; x_wconf 82' lang='grc'><em>·</em></span> <span class='ocrx_word' id='word_1_5' title='bbox 389 807 495 863; x_wconf 85' lang='lat' dir='ltr'><strong>Sed</strong></span> <span class='ocrx_word' id='word_1_6' title='bbox 519 826 692 876; x_wconf 91' lang='lat' dir='ltr'><strong>neque</strong></span> <span class='ocrx_word' id='word_1_7' title='bbox 718 808 936 877; x_wconf 88' lang='lat' dir='ltr'><strong>majores</strong></span> <span class='ocrx_word' id='word_1_8' title='bbox 962 808 1124 871; x_wconf 78' lang='lat' dir='ltr'><strong>vobiS‚</strong></span> <span class='ocrx_word' id='word_1_9' title='bbox 1151 826 1280 878; x_wconf 84' lang='lat' dir='ltr'><strong>gens</strong></span> <span class='ocrx_word' id='word_1_10' title='bbox 1304 806 1481 870; x_wconf 87' lang='lat' dir='ltr'><strong>inscia,</strong></span> <span class='ocrx_word' id='word_1_11' title='bbox 1508 825 1684 877; x_wconf 88' lang='lat' dir='ltr'><strong>poenas</strong></span> 
     </span>
     <span class='ocr_line' id='line_1_4' title="bbox 461 906 1597 975; baseline -0.003 -15"><span class='ocrx_word' id='word_1_12' title='bbox 461 907 637 975; x_wconf 79' lang='lat' dir='ltr'><strong>Quam</strong></span> <span class='ocrx_word' id='word_1_13' title='bbox 662 907 805 970; x_wconf 87' lang='lat' dir='ltr'><strong>mihi,</strong></span> <span class='ocrx_word' id='word_1_14' title='bbox 834 926 930 960; x_wconf 92' lang='lat' dir='ltr'><strong>nec</strong></span> <span class='ocrx_word' id='word_1_15' title='bbox 956 907 1102 960; x_wconf 89' lang='lat' dir='ltr'><strong>vobis</strong></span> <span class='ocrx_word' id='word_1_16' title='bbox 1128 907 1386 960; x_wconf 79' lang='lat' dir='ltr'><strong>deteriora</strong></span> <span class='ocrx_word' id='word_1_17' title='bbox 1412 906 1597 969; x_wconf 86' lang='lat' dir='ltr'><strong>velim3</strong></span> 
     </span>
    </p>

    <p class='ocr_par' dir='ltr' id='par_1_4' title="bbox 388 1007 1816 1177">
     <span class='ocr_line' id='line_1_5' title="bbox 388 1007 1816 1078; baseline -0.001 -18"><span class='ocrx_word' id='word_1_18' title='bbox 388 1007 601 1078; x_wconf 83' lang='lat' dir='ltr'>Quippe</span> <span class='ocrx_word' id='word_1_19' title='bbox 626 1027 767 1061; x_wconf 89' lang='lat' dir='ltr'><strong>meas</strong></span> <span class='ocrx_word' id='word_1_20' title='bbox 785 1009 879 1060; x_wconf 89' lang='lat' dir='ltr'><strong>lux</strong></span> <span class='ocrx_word' id='word_1_21' title='bbox 906 1028 1128 1078; x_wconf 85' lang='lat' dir='ltr'><strong>quaeque</strong></span> <span class='ocrx_word' id='word_1_22' title='bbox 1154 1028 1333 1078; x_wconf 90' lang='lat' dir='ltr'><strong>preces</strong></span> <span class='ocrx_word' id='word_1_23' title='bbox 1357 1008 1413 1060; x_wconf 93' lang='lat' dir='ltr'><strong>in</strong></span> <span class='ocrx_word' id='word_1_24' title='bbox 1439 1007 1606 1060; x_wconf 88' lang='lat' dir='ltr'><strong>sidera</strong></span> <span class='ocrx_word' id='word_1_25' title='bbox 1625 1015 1816 1069; x_wconf 83' lang='lat' dir='ltr'><strong>vectat,</strong></span> 
     </span>
     <span class='ocr_line' id='line_1_6' title="bbox 459 1106 1570 1177; baseline -0.003 -16"><span class='ocrx_word' id='word_1_26' title='bbox 459 1106 667 1162; x_wconf 89' lang='lat' dir='ltr'><strong>Obruat</strong></span> <span class='ocrx_word' id='word_1_27' title='bbox 692 1116 754 1159; x_wconf 88' lang='lat' dir='ltr'><strong>ut</strong></span> <span class='ocrx_word' id='word_1_28' title='bbox 778 1107 1025 1160; x_wconf 89' lang='lat' dir='ltr'><strong>miserum</strong></span> <span class='ocrx_word' id='word_1_29' title='bbox 1050 1108 1199 1160; x_wconf 87' lang='lat' dir='ltr'><strong>tarda</strong></span> <span class='ocrx_word' id='word_1_30' title='bbox 1224 1107 1375 1159; x_wconf 89' lang='lat' dir='ltr'><strong>ruina</strong></span> <span class='ocrx_word' id='word_1_31' title='bbox 1399 1115 1570 1177; x_wconf 84' lang='lat' dir='ltr'><strong>caput.</strong></span> 
     </span>
    </p>

    <p class='ocr_par' dir='ltr' id='par_1_5' title="bbox 386 1207 1864 1377">
     <span class='ocr_line' id='line_1_7' title="bbox 386 1207 1864 1269; baseline -0.003 -6"><span class='ocrx_word' id='word_1_32' title='bbox 386 1209 497 1263; x_wconf 94' lang='lat' dir='ltr'><strong>Hei</strong></span> <span class='ocrx_word' id='word_1_33' title='bbox 520 1208 677 1261; x_wconf 78' lang='lat' dir='ltr'><strong>mihi!</strong></span> <span class='ocrx_word' id='word_1_34' title='bbox 716 1228 837 1261; x_wconf 91' lang='lat' dir='ltr'><strong>nam</strong></span> <span class='ocrx_word' id='word_1_35' title='bbox 862 1209 1040 1261; x_wconf 88' lang='lat' dir='ltr'><strong>surdas</strong></span> <span class='ocrx_word' id='word_1_36' title='bbox 1066 1208 1260 1260; x_wconf 86' lang='lat' dir='ltr'><strong>frustra</strong></span> <span class='ocrx_word' id='word_1_37' title='bbox 1285 1227 1388 1261; x_wconf 86' lang='lat' dir='ltr'><strong>vox</strong></span> <span class='ocrx_word' id='word_1_38' title='bbox 1414 1207 1583 1260; x_wconf 87' lang='lat' dir='ltr'><strong>fertur</strong></span> <span class='ocrx_word' id='word_1_39' title='bbox 1608 1207 1673 1259; x_wconf 88' lang='lat' dir='ltr'><strong>ad</strong></span> <span class='ocrx_word' id='word_1_40' title='bbox 1698 1226 1864 1269; x_wconf 85' lang='lat' dir='ltr'><strong>aures,</strong></span> 
     </span>
     <span class='ocr_line' id='line_1_8' title="bbox 457 1309 1676 1377; baseline -0.003 -15"><span class='ocrx_word' id='word_1_41' title='bbox 457 1309 578 1362; x_wconf 89' lang='lat' dir='ltr'><strong>Nec</strong></span> <span class='ocrx_word' id='word_1_42' title='bbox 604 1309 754 1362; x_wconf 88' lang='lat' dir='ltr'><strong>Deus</strong></span> <span class='ocrx_word' id='word_1_43' title='bbox 780 1317 1069 1361; x_wconf 79' lang='lat' dir='ltr'><strong>extremam</strong></span> <span class='ocrx_word' id='word_1_44' title='bbox 1094 1309 1308 1361; x_wconf 86' lang='lat' dir='ltr'><strong>reddere</strong></span> <span class='ocrx_word' id='word_1_45' title='bbox 1336 1316 1484 1360; x_wconf 88' lang='lat' dir='ltr'><strong>curat</strong></span> <span class='ocrx_word' id='word_1_46' title='bbox 1511 1326 1676 1377; x_wconf 90' lang='lat' dir='ltr'><strong>opem.</strong></span> 
     </span>
    </p>

    <p class='ocr_par' dir='ltr' id='par_1_6' title="bbox 385 1408 1708 1478">
     <span class='ocr_line' id='line_1_9' title="bbox 385 1408 1708 1478; baseline -0.003 -15"><span class='ocrx_word' id='word_1_47' title='bbox 385 1409 535 1463; x_wconf 91' lang='lat' dir='ltr'><strong>Mors</strong></span> <span class='ocrx_word' id='word_1_48' title='bbox 561 1409 719 1463; x_wconf 90' lang='lat' dir='ltr'><strong>etiam</strong></span> <span class='ocrx_word' id='word_1_49' title='bbox 744 1408 958 1461; x_wconf 91' lang='lat' dir='ltr'><strong>immitis</strong></span> <span class='ocrx_word' id='word_1_50' title='bbox 984 1408 1182 1478; x_wconf 91' lang='lat' dir='ltr'><strong>spernit</strong></span> <span class='ocrx_word' id='word_1_51' title='bbox 1199 1427 1482 1478; x_wconf 88' lang='lat' dir='ltr'><strong>properare</strong></span> <span class='ocrx_word' id='word_1_52' title='bbox 1509 1415 1708 1469; x_wconf 87' lang='lat' dir='ltr'><strong>vocata,</strong></span> 
     </span>
    </p>
   </div>
   <div class='ocr_carea' id='block_1_4' title="bbox 458 1507 1595 1578">
    <p class='ocr_par' dir='ltr' id='par_1_7' title="bbox 458 1507 1595 1578">
     <span class='ocr_line' id='line_1_10' title="bbox 458 1507 1595 1578; baseline -0.003 -15"><span class='ocrx_word' id='word_1_53' title='bbox 458 1511 534 1563; x_wconf 88' lang='lat' dir='ltr'><strong>Et</strong></span> <span class='ocrx_word' id='word_1_54' title='bbox 559 1509 765 1563; x_wconf 88' lang='lat' dir='ltr'><strong>trahere</strong></span> <span class='ocrx_word' id='word_1_55' title='bbox 793 1509 858 1561; x_wconf 88' lang='lat' dir='ltr'><strong>ad</strong></span> <span class='ocrx_word' id='word_1_56' title='bbox 883 1528 994 1562; x_wconf 90' lang='lat' dir='ltr'><strong>sese</strong></span> <span class='ocrx_word' id='word_1_57' title='bbox 1021 1508 1114 1578; x_wconf 90' lang='lat' dir='ltr'><strong>qui</strong></span> <span class='ocrx_word' id='word_1_58' title='bbox 1145 1508 1289 1578; x_wconf 89' lang='lat' dir='ltr'><strong>cupit</strong></span> <span class='ocrx_word' id='word_1_59' title='bbox 1314 1507 1423 1578; x_wconf 89' lang='lat' dir='ltr'><strong>ipse</strong></span> <span class='ocrx_word' id='word_1_60' title='bbox 1450 1508 1595 1560; x_wconf 88' lang='lat' dir='ltr'><strong>mori.</strong></span> 
     </span>
    </p>
   </div>
   <div class='ocr_carea' id='block_1_5' title="bbox 384 1693 1794 2345">
    <p class='ocr_par' dir='ltr' id='par_1_8' title="bbox 387 1693 1794 1862">
     <span class='ocr_line' id='line_1_11' title="bbox 387 1693 1794 1762; baseline -0.002 -13"><span class='ocrx_word' id='word_1_61' title='bbox 387 1695 527 1750; x_wconf 88' lang='lat' dir='ltr'><strong>Nam</strong></span> <span class='ocrx_word' id='word_1_62' title='bbox 552 1694 719 1748; x_wconf 89' lang='lat' dir='ltr'><strong>veluti</strong></span> <span class='ocrx_word' id='word_1_63' title='bbox 745 1694 1007 1762; x_wconf 86' lang='lat' dir='ltr'><strong>quondam</strong></span> <span class='ocrx_word' id='word_1_64' title='bbox 1032 1693 1259 1745; x_wconf 79' lang='lat' dir='ltr'><strong>lustrans</strong></span> <span class='ocrx_word' id='word_1_65' title='bbox 1285 1693 1398 1745; x_wconf 90' lang='lat' dir='ltr'><strong>loca</strong></span> <span class='ocrx_word' id='word_1_66' title='bbox 1423 1701 1601 1746; x_wconf 89' lang='lat' dir='ltr'><strong>sancta</strong></span> <span class='ocrx_word' id='word_1_67' title='bbox 1626 1693 1794 1747; x_wconf 87' lang='lat' dir='ltr'><strong>viator</strong></span> 
     </span>
     <span class='ocr_line' id='line_1_12' title="bbox 457 1791 1523 1862; baseline -0.002 -16"><span class='ocrx_word' id='word_1_68' title='bbox 457 1793 714 1847; x_wconf 86' lang='lat' dir='ltr'><strong>Difficiles</strong></span> <span class='ocrx_word' id='word_1_69' title='bbox 740 1812 914 1847; x_wconf 90' lang='lat' dir='ltr'><strong>errans</strong></span> <span class='ocrx_word' id='word_1_70' title='bbox 939 1793 1088 1861; x_wconf 91' lang='lat' dir='ltr'><strong>itque</strong></span> <span class='ocrx_word' id='word_1_71' title='bbox 1114 1792 1354 1862; x_wconf 88' lang='lat' dir='ltr'><strong>reditque</strong></span> <span class='ocrx_word' id='word_1_72' title='bbox 1381 1791 1490 1845; x_wconf 87' lang='lat' dir='ltr'><strong>vias</strong></span> <span class='ocrx_word' id='word_1_73' title='bbox 1511 1812 1523 1855; x_wconf 86' lang='lat'><em>3</em></span> 
     </span>
    </p>

    <p class='ocr_par' dir='ltr' id='par_1_9' title="bbox 390 1892 1741 2065">
     <span class='ocr_line' id='line_1_13' title="bbox 390 1892 1741 1963; baseline -0.003 -15"><span class='ocrx_word' id='word_1_74' title='bbox 390 1893 478 1949; x_wconf 85' lang='lat' dir='ltr'><strong>Sic</strong></span> <span class='ocrx_word' id='word_1_75' title='bbox 504 1893 747 1962; x_wconf 89' lang='lat' dir='ltr'><strong>equidem</strong></span> <span class='ocrx_word' id='word_1_76' title='bbox 772 1893 1082 1946; x_wconf 92' lang='lat' dir='ltr'><strong>immensum</strong></span> <span class='ocrx_word' id='word_1_77' title='bbox 1109 1893 1287 1963; x_wconf 88' lang='lat' dir='ltr'><strong>spatiis</strong></span> <span class='ocrx_word' id='word_1_78' title='bbox 1314 1892 1529 1946; x_wconf 82' lang='lat' dir='ltr'><strong>emetiar</strong></span> <span class='ocrx_word' id='word_1_79' title='bbox 1548 1894 1741 1956; x_wconf 91' lang='lat' dir='ltr'><strong>orbem,</strong></span> 
     </span>
     <span class='ocr_line' id='line_1_14' title="bbox 457 1994 1648 2065; baseline -0.003 -17"><span class='ocrx_word' id='word_1_80' title='bbox 457 1995 822 2065; x_wconf 88' lang='lat' dir='ltr'><strong>Temporaque</strong></span> <span class='ocrx_word' id='word_1_81' title='bbox 849 1994 1053 2046; x_wconf 89' lang='lat' dir='ltr'><strong>assiduo</strong></span> <span class='ocrx_word' id='word_1_82' title='bbox 1079 2014 1240 2047; x_wconf 81' lang='lat' dir='ltr'><strong>verna</strong></span> <span class='ocrx_word' id='word_1_83' title='bbox 1264 1994 1441 2046; x_wconf 89' lang='lat' dir='ltr'><strong>dolore</strong></span> <span class='ocrx_word' id='word_1_84' title='bbox 1467 2002 1648 2046; x_wconf 87' lang='lat' dir='ltr'><strong>teram.</strong></span> 
     </span>
    </p>

    <p class='ocr_par' dir='ltr' id='par_1_10' title="bbox 384 2092 1754 2259">
     <span class='ocr_line' id='line_1_15' title="bbox 384 2092 1754 2164; baseline -0.004 -16"><span class='ocrx_word' id='word_1_85' title='bbox 384 2095 593 2148; x_wconf 90' lang='lat' dir='ltr'><strong>Luctus</strong></span> <span class='ocrx_word' id='word_1_86' title='bbox 619 2093 840 2164; x_wconf 68' lang='lat' dir='ltr'><strong>erit&#39;pro</strong></span> <span class='ocrx_word' id='word_1_87' title='bbox 866 2113 1000 2164; x_wconf 90' lang='lat' dir='ltr'><strong>pane</strong></span> <span class='ocrx_word' id='word_1_88' title='bbox 1026 2093 1168 2156; x_wconf 89' lang='lat' dir='ltr'><strong>mihi,</strong></span> <span class='ocrx_word' id='word_1_89' title='bbox 1197 2112 1290 2163; x_wconf 90' lang='lat' dir='ltr'><strong>pro</strong></span> <span class='ocrx_word' id='word_1_90' title='bbox 1316 2112 1531 2145; x_wconf 89' lang='lat' dir='ltr'><strong>munere</strong></span> <span class='ocrx_word' id='word_1_91' title='bbox 1560 2092 1754 2145; x_wconf 84' lang='lat' dir='ltr'><strong>Bacchi</strong></span> 
     </span>
     <span class='ocr_line' id='line_1_16' title="bbox 459 2190 1613 2259; baseline -0.003 -15"><span class='ocrx_word' id='word_1_92' title='bbox 459 2191 570 2259; x_wconf 80' lang='lat' dir='ltr'><strong>Qui</strong></span> <span class='ocrx_word' id='word_1_93' title='bbox 595 2191 738 2243; x_wconf 87' lang='lat' dir='ltr'><strong>salsae</strong></span> <span class='ocrx_word' id='word_1_94' title='bbox 764 2210 829 2244; x_wconf 88' lang='lat' dir='ltr'><strong>ex</strong></span> <span class='ocrx_word' id='word_1_95' title='bbox 855 2190 1017 2243; x_wconf 90' lang='lat' dir='ltr'><strong>oculis</strong></span> <span class='ocrx_word' id='word_1_96' title='bbox 1043 2190 1235 2243; x_wconf 80' lang='lat' dir='ltr'><strong>decidit</strong></span> <span class='ocrx_word' id='word_1_97' title='bbox 1260 2190 1427 2242; x_wconf 89' lang='lat' dir='ltr'><strong>imber</strong></span> <span class='ocrx_word' id='word_1_98' title='bbox 1451 2208 1613 2258; x_wconf 86' lang='lat' dir='ltr'><strong>aquae.</strong></span> 
     </span>
    </p>

    <p class='ocr_par' dir='ltr' id='par_1_11' title="bbox 384 2291 1719 2345">
     <span class='ocr_line' id='line_1_17' title="bbox 384 2291 1719 2345; baseline -0.001 0"><span class='ocrx_word' id='word_1_99' title='bbox 384 2291 539 2345; x_wconf 86' lang='lat' dir='ltr'><strong>Dura</strong></span> <span class='ocrx_word' id='word_1_100' title='bbox 563 2292 765 2345; x_wconf 89' lang='lat' dir='ltr'><strong>dabunt</strong></span> <span class='ocrx_word' id='word_1_101' title='bbox 790 2291 1036 2345; x_wconf 79' lang='lat' dir='ltr'><strong>membris</strong></span> <span class='ocrx_word' id='word_1_102' title='bbox 1061 2291 1342 2343; x_wconf 88' lang='lat' dir='ltr'><strong>instratum</strong></span> <span class='ocrx_word' id='word_1_103' title='bbox 1368 2309 1493 2342; x_wconf 87' lang='lat' dir='ltr'><strong>saxa</strong></span> <span class='ocrx_word' id='word_1_104' title='bbox 1519 2291 1719 2344; x_wconf 84' lang='lat' dir='ltr'><strong>cubile:</strong></span> 
     </span>
    </p>
   </div>
   <div class='ocr_carea' id='block_1_6' title="bbox 462 2389 1561 2462">
    <p class='ocr_par' dir='ltr' id='par_1_12' title="bbox 462 2389 1561 2462">
     <span class='ocr_line' id='line_1_18' title="bbox 462 2389 1561 2462; baseline -0.003 -17"><span class='ocrx_word' id='word_1_105' title='bbox 462 2390 550 2445; x_wconf 69' lang='lat' dir='ltr'><strong>Sic</strong></span> <span class='ocrx_word' id='word_1_106' title='bbox 574 2391 746 2462; x_wconf 70' lang='lat' dir='ltr'><strong>Placet</strong></span> <span class='ocrx_word' id='word_1_107' title='bbox 771 2409 990 2462; x_wconf 77' lang='lat' dir='ltr'><strong>angores</strong></span> <span class='ocrx_word' id='word_1_108' title='bbox 1016 2389 1379 2461; x_wconf 74' lang='lat' dir='ltr'><strong>Congemlnare</strong></span> <span class='ocrx_word' id='word_1_109' title='bbox 1405 2408 1561 2442; x_wconf 84' lang='lat' dir='ltr'><strong>meos.</strong></span> 
     </span>
    </p>
   </div>
   <div class='ocr_carea' id='block_1_7' title="bbox 384 2573 1865 3240">
    <p class='ocr_par' dir='ltr' id='par_1_13' title="bbox 384 2573 1865 3240">
     <span class='ocr_line' id='line_1_19' title="bbox 385 2573 1865 2644; baseline 0 -18"><span class='ocrx_word' id='word_1_110' title='bbox 385 2573 488 2626; x_wconf 91' lang='lat' dir='ltr'><strong>Illa</strong></span> <span class='ocrx_word' id='word_1_111' title='bbox 513 2573 686 2637; x_wconf 88' lang='lat' dir='ltr'><strong>etiam,</strong></span> <span class='ocrx_word' id='word_1_112' title='bbox 714 2593 831 2627; x_wconf 90' lang='lat' dir='ltr'><strong>mea</strong></span> <span class='ocrx_word' id='word_1_113' title='bbox 854 2573 1061 2626; x_wconf 88' lang='lat' dir='ltr'><strong>flamma</strong></span> <span class='ocrx_word' id='word_1_114' title='bbox 1086 2573 1225 2636; x_wconf 85' lang='lat' dir='ltr'><strong>olim,</strong></span> <span class='ocrx_word' id='word_1_115' title='bbox 1253 2593 1394 2626; x_wconf 90' lang='lat' dir='ltr'><strong>nunc</strong></span> <span class='ocrx_word' id='word_1_116' title='bbox 1420 2582 1599 2626; x_wconf 86' lang='lat' dir='ltr'><strong>sancta</strong></span> <span class='ocrx_word' id='word_1_117' title='bbox 1623 2573 1865 2644; x_wconf 86' lang='lat' dir='ltr'><strong>voluptas</strong></span> 
     </span>
     <span class='ocr_line' id='line_1_20' title="bbox 458 2671 1680 2744; baseline 0 -18"><span class='ocrx_word' id='word_1_118' title='bbox 458 2671 876 2744; x_wconf 87' lang='lat' dir='ltr'><strong>Auspiciumque</strong></span> <span class='ocrx_word' id='word_1_119' title='bbox 903 2673 1085 2725; x_wconf 86' lang='lat' dir='ltr'><strong>animae</strong></span> <span class='ocrx_word' id='word_1_120' title='bbox 1109 2672 1511 2743; x_wconf 76' lang='lat' dir='ltr'><strong>praesidiumque</strong></span> <span class='ocrx_word' id='word_1_121' title='bbox 1536 2693 1680 2737; x_wconf 85' lang='lat' dir='ltr'><strong>meae,</strong></span> 
     </span>
     <span class='ocr_line' id='line_1_21' title="bbox 384 2772 1598 2844; baseline -0.002 -19"><span class='ocrx_word' id='word_1_122' title='bbox 384 2772 488 2825; x_wconf 88' lang='lat' dir='ltr'><strong>Illa</strong></span> <span class='ocrx_word' id='word_1_123' title='bbox 512 2772 604 2825; x_wconf 87' lang='lat' dir='ltr'><strong>ubi</strong></span> <span class='ocrx_word' id='word_1_124' title='bbox 628 2773 693 2826; x_wconf 91' lang='lat' dir='ltr'><strong>de</strong></span> <span class='ocrx_word' id='word_1_125' title='bbox 720 2773 839 2826; x_wconf 91' lang='lat' dir='ltr'><strong>sede</strong></span> <span class='ocrx_word' id='word_1_126' title='bbox 866 2772 1078 2825; x_wconf 85' lang='lat' dir='ltr'><strong>aetheria</strong></span> <span class='ocrx_word' id='word_1_127' title='bbox 1102 2779 1235 2844; x_wconf 73' lang='lat' dir='ltr'><strong>(qua</strong></span> <span class='ocrx_word' id='word_1_128' title='bbox 1258 2772 1455 2825; x_wconf 90' lang='lat' dir='ltr'><strong>lumine</strong></span> <span class='ocrx_word' id='word_1_129' title='bbox 1483 2773 1598 2824; x_wconf 87' lang='lat' dir='ltr'><strong>coeli</strong></span> 
     </span>
     <span class='ocr_line' id='line_1_22' title="bbox 459 2864 1610 2942; baseline -0.003 -15"><span class='ocrx_word' id='word_1_130' title='bbox 459 2864 688 2936; x_wconf 81' lang='lat' dir='ltr'><strong>Gaudet,</strong></span> <span class='ocrx_word' id='word_1_131' title='bbox 718 2881 771 2926; x_wconf 93' lang='lat' dir='ltr'><strong>et</strong></span> <span class='ocrx_word' id='word_1_132' title='bbox 798 2881 1001 2925; x_wconf 82' lang='lat' dir='ltr'><strong>aeternae</strong></span> <span class='ocrx_word' id='word_1_133' title='bbox 1027 2873 1237 2942; x_wconf 89' lang='lat' dir='ltr'><strong>praemia</strong></span> <span class='ocrx_word' id='word_1_134' title='bbox 1260 2872 1400 2942; x_wconf 90' lang='lat' dir='ltr'><strong>pacis</strong></span> <span class='ocrx_word' id='word_1_135' title='bbox 1425 2872 1610 2942; x_wconf 86' lang='lat' dir='ltr'><strong>habet)</strong></span> 
     </span>
     <span class='ocr_line' id='line_1_23' title="bbox 386 2972 1714 3043; baseline -0.001 -17"><span class='ocrx_word' id='word_1_136' title='bbox 386 2973 708 3027; x_wconf 90' lang='lat' dir='ltr'><strong>Horribilem</strong></span> <span class='ocrx_word' id='word_1_137' title='bbox 732 2992 937 3043; x_wconf 86' lang='lat' dir='ltr'><strong>poenam</strong></span> <span class='ocrx_word' id='word_1_138' title='bbox 962 2972 1192 3043; x_wconf 79' lang='lat' dir='ltr'><strong>aspiciet,</strong></span> <span class='ocrx_word' id='word_1_139' title='bbox 1220 2973 1550 3026; x_wconf 90' lang='lat' dir='ltr'><strong>miserebitur</strong></span> <span class='ocrx_word' id='word_1_140' title='bbox 1574 2973 1714 3025; x_wconf 91' lang='lat' dir='ltr'><strong>ultro</strong></span> 
     </span>
     <span class='ocr_line' id='line_1_24' title="bbox 457 3072 1695 3142; baseline -0.001 -17"><span class='ocrx_word' id='word_1_141' title='bbox 457 3072 617 3140; x_wconf 81' lang='lat' dir='ltr'><strong>Quod</strong></span> <span class='ocrx_word' id='word_1_142' title='bbox 640 3072 863 3125; x_wconf 90' lang='lat' dir='ltr'><strong>moriens</strong></span> <span class='ocrx_word' id='word_1_143' title='bbox 889 3073 1026 3135; x_wconf 85' lang='lat' dir='ltr'><strong>Vivo,</strong></span> <span class='ocrx_word' id='word_1_144' title='bbox 1054 3092 1151 3126; x_wconf 88' lang='lat' dir='ltr'><strong>nec</strong></span> <span class='ocrx_word' id='word_1_145' title='bbox 1176 3074 1333 3126; x_wconf 91' lang='lat' dir='ltr'><strong>datur</strong></span> <span class='ocrx_word' id='word_1_146' title='bbox 1357 3092 1524 3142; x_wconf 89' lang='lat' dir='ltr'><strong>usque</strong></span> <span class='ocrx_word' id='word_1_147' title='bbox 1550 3072 1695 3124; x_wconf 89' lang='lat' dir='ltr'><strong>mori.</strong></span> 
     </span>
     <span class='ocr_line' id='line_1_25' title="bbox 387 3170 1805 3240; baseline -0.002 -16"><span class='ocrx_word' id='word_1_148' title='bbox 387 3171 632 3240; x_wconf 89' lang='lat' dir='ltr'><strong>Namque</strong></span> <span class='ocrx_word' id='word_1_149' title='bbox 658 3179 712 3223; x_wconf 89' lang='lat' dir='ltr'><strong>et</strong></span> <span class='ocrx_word' id='word_1_150' title='bbox 738 3170 976 3223; x_wconf 86' lang='lat' dir='ltr'><strong>coelicolae</strong></span> <span class='ocrx_word' id='word_1_151' title='bbox 1002 3170 1166 3222; x_wconf 90' lang='lat' dir='ltr'><strong>nostri</strong></span> <span class='ocrx_word' id='word_1_152' title='bbox 1191 3170 1518 3233; x_wconf 86' lang='lat' dir='ltr'><strong>miserentur,</strong></span> <span class='ocrx_word' id='word_1_153' title='bbox 1548 3178 1602 3223; x_wconf 87' lang='lat' dir='ltr'><strong>et</strong></span> <span class='ocrx_word' id='word_1_154' title='bbox 1628 3189 1805 3223; x_wconf 89' lang='lat' dir='ltr'><strong>omnes</strong></span> 
     </span>
    </p>
   </div>
   <div class='ocr_carea' id='block_1_8' title="bbox 457 3269 1802 3410">
    <p class='ocr_par' dir='ltr' id='par_1_14' title="bbox 457 3269 1802 3410">
     <span class='ocr_line' id='line_1_26' title="bbox 457 3269 1715 3337; baseline 0 -16"><span class='ocrx_word' id='word_1_155' title='bbox 457 3269 615 3323; x_wconf 90' lang='lat' dir='ltr'><strong>Flere</strong></span> <span class='ocrx_word' id='word_1_156' title='bbox 639 3269 907 3322; x_wconf 93' lang='lat' dir='ltr'><strong>hominum</strong></span> <span class='ocrx_word' id='word_1_157' title='bbox 934 3269 1108 3322; x_wconf 87' lang='lat' dir='ltr'><strong>luctus</strong></span> <span class='ocrx_word' id='word_1_158' title='bbox 1133 3269 1507 3337; x_wconf 77' lang='lat' dir='ltr'><strong>tristitiamque</strong></span> <span class='ocrx_word' id='word_1_159' title='bbox 1533 3270 1715 3322; x_wconf 88' lang='lat' dir='ltr'><strong>solent.</strong></span> 
     </span>
     <span class='ocr_line' id='line_1_27' title="bbox 1711 3380 1802 3410; baseline 0 0"><span class='ocrx_word' id='word_1_160' title='bbox 1711 3380 1748 3410; x_wconf 68' lang='lat' dir='ltr'><strong>F..</strong></span> <span class='ocrx_word' id='word_1_161' title='bbox 1767 3380 1802 3410; x_wconf 47' lang='grc'><strong>11.</strong></span> 
     </span>
    </p>
   </div>
  </div>
 </body>
</html>
