<?xml version="1.0" encoding="UTF-8"?>
<!DOCTYPE html PUBLIC "-//W3C//DTD XHTML 1.0 Transitional//EN"
    "http://www.w3.org/TR/xhtml1/DTD/xhtml1-transitional.dtd">
<html xmlns="http://www.w3.org/1999/xhtml" xml:lang="en" lang="en">
 <head>
  <title>
</title>
<meta http-equiv="Content-Type" content="text/html;charset=utf-8" />
  <meta name='ocr-system' content='tesseract 3.04.00' />
  <meta name='ocr-capabilities' content='ocr_page ocr_carea ocr_par ocr_line ocrx_word'/>
</head>
<body>
  <div class='ocr_page' id='page_1' title='image "./anthologiaoxonie00linwuoft_0233.png"; bbox 0 0 2418 3944; ppageno 0'>
   <div class='ocr_carea' id='block_1_1' title="bbox 0 0 330 585">
    <p class='ocr_par' dir='ltr' id='par_1_1' title="bbox 0 0 330 585">
     <span class='ocr_line' id='line_1_1' title="bbox 0 0 330 585; baseline 0 0"><span class='ocrx_word' id='word_1_1' title='bbox 0 0 330 585; x_wconf 95' lang='lat' dir='ltr'>  </span> 
     </span>
    </p>
   </div>
   <div class='ocr_carea' id='block_1_2' title="bbox 198 349 1531 582">
    <p class='ocr_par' dir='ltr' id='par_1_2' title="bbox 198 349 1531 582">
     <span class='ocr_line' id='line_1_2' title="bbox 198 349 1531 582; baseline 0 -95"><span class='ocrx_word' id='word_1_2' title='bbox 198 349 204 582; x_wconf 76' lang='grc' dir='ltr'>Ι</span> <span class='ocrx_word' id='word_1_3' title='bbox 712 445 1108 489; x_wconf 83' lang='lat' dir='ltr'><strong>ANTHOLOGIA</strong></span> <span class='ocrx_word' id='word_1_4' title='bbox 1155 445 1531 488; x_wconf 87' lang='lat' dir='ltr'>OXONIENSIS.</span> 
     </span>
    </p>
   </div>
   <div class='ocr_carea' id='block_1_3' title="bbox 0 580 1699 1024">
    <p class='ocr_par' dir='ltr' id='par_1_3' title="bbox 0 580 1699 1024">
     <span class='ocr_line' id='line_1_3' title="bbox 0 580 1699 808; baseline 0.001 -40"><span class='ocrx_word' id='word_1_5' title='bbox 0 580 22 808; x_wconf 59' lang='grc' dir='ltr'>Ι</span> <span class='ocrx_word' id='word_1_6' title='bbox 381 711 538 768; x_wconf 87' lang='lat' dir='ltr'>Serta</span> <span class='ocrx_word' id='word_1_7' title='bbox 562 714 738 778; x_wconf 76' lang='lat' dir='ltr'>comiS,</span> <span class='ocrx_word' id='word_1_8' title='bbox 766 714 1025 785; x_wconf 87' lang='lat' dir='ltr'>hilarique</span> <span class='ocrx_word' id='word_1_9' title='bbox 1050 715 1220 786; x_wconf 87' lang='lat' dir='ltr'>lyram</span> <span class='ocrx_word' id='word_1_10' title='bbox 1247 715 1442 769; x_wconf 88' lang='lat' dir='ltr'>sociare</span> <span class='ocrx_word' id='word_1_11' title='bbox 1468 715 1666 770; x_wconf 86' lang='lat' dir='ltr'>choreae</span> <span class='ocrx_word' id='word_1_12' title='bbox 1688 737 1699 769; x_wconf 93' lang='lat'>:</span> 
     </span>
     <span class='ocr_line' id='line_1_4' title="bbox 0 869 10 963; baseline 0 0"><span class='ocrx_word' id='word_1_13' title='bbox 0 869 10 963; x_wconf 72' lang='grc' dir='ltr'><em>Ξ</em></span> 
     </span>
     <span class='ocr_line' id='line_1_5' title="bbox 0 999 8 1024; baseline 0 0"><span class='ocrx_word' id='word_1_14' title='bbox 0 999 8 1024; x_wconf 81' lang='grc' dir='ltr'>ἱ</span> 
     </span>
    </p>
   </div>
   <div class='ocr_carea' id='block_1_4' title="bbox 1634 346 2077 678">
    <p class='ocr_par' dir='ltr' id='par_1_4' title="bbox 1634 346 2077 678">
     <span class='ocr_line' id='line_1_6' title="bbox 1634 346 2077 678; baseline 0 3266"><span class='ocrx_word' id='word_1_15' title='bbox 1634 346 2077 678; x_wconf 95' lang='lat' dir='ltr'> </span> 
     </span>
    </p>
   </div>
   <div class='ocr_carea' id='block_1_5' title="bbox 376 823 1918 1900">
    <p class='ocr_par' dir='ltr' id='par_1_5' title="bbox 376 823 1627 898">
     <span class='ocr_line' id='line_1_7' title="bbox 376 823 1627 898; baseline 0.001 -20"><span class='ocrx_word' id='word_1_16' title='bbox 376 823 618 879; x_wconf 81' lang='lat' dir='ltr'>Plurima</span> <span class='ocrx_word' id='word_1_17' title='bbox 641 826 836 879; x_wconf 83' lang='lat' dir='ltr'>laetitiae</span> <span class='ocrx_word' id='word_1_18' title='bbox 861 826 1051 880; x_wconf 79' lang='lat' dir='ltr'>facies!</span> <span class='ocrx_word' id='word_1_19' title='bbox 1090 827 1190 880; x_wconf 86' lang='lat' dir='ltr'>nisi</span> <span class='ocrx_word' id='word_1_20' title='bbox 1215 846 1420 880; x_wconf 88' lang='lat' dir='ltr'>carcere</span> <span class='ocrx_word' id='word_1_21' title='bbox 1446 835 1627 898; x_wconf 89' lang='lat' dir='ltr'>septus</span> 
     </span>
    </p>

    <p class='ocr_par' dir='ltr' id='par_1_6' title="bbox 381 934 1585 1009">
     <span class='ocr_line' id='line_1_8' title="bbox 381 934 1585 1009; baseline 0 -19"><span class='ocrx_word' id='word_1_22' title='bbox 381 934 618 990; x_wconf 88' lang='lat' dir='ltr'>Sollicito</span> <span class='ocrx_word' id='word_1_23' title='bbox 644 945 846 990; x_wconf 88' lang='lat' dir='ltr'>arrecta</span> <span class='ocrx_word' id='word_1_24' title='bbox 870 937 914 990; x_wconf 88' lang='lat' dir='ltr'>si</span> <span class='ocrx_word' id='word_1_25' title='bbox 941 937 1060 1006; x_wconf 89' lang='lat' dir='ltr'>quis</span> <span class='ocrx_word' id='word_1_26' title='bbox 1084 937 1409 1008; x_wconf 83' lang='lat' dir='ltr'>penetrabile</span> <span class='ocrx_word' id='word_1_27' title='bbox 1436 936 1585 1009; x_wconf 85' lang='lat' dir='ltr'>vulgi</span> 
     </span>
    </p>

    <p class='ocr_par' dir='ltr' id='par_1_7' title="bbox 377 1045 1918 1454">
     <span class='ocr_line' id='line_1_9' title="bbox 379 1045 1678 1119; baseline 0.002 -20"><span class='ocrx_word' id='word_1_28' title='bbox 379 1045 531 1101; x_wconf 88' lang='lat' dir='ltr'>Aure</span> <span class='ocrx_word' id='word_1_29' title='bbox 557 1047 698 1118; x_wconf 83' lang='lat' dir='ltr'>capit</span> <span class='ocrx_word' id='word_1_30' title='bbox 723 1066 977 1111; x_wconf 85' lang='lat' dir='ltr'>murmur,</span> <span class='ocrx_word' id='word_1_31' title='bbox 1005 1049 1213 1119; x_wconf 87' lang='lat' dir='ltr'>properi</span> <span class='ocrx_word' id='word_1_32' title='bbox 1239 1047 1337 1102; x_wconf 82' lang='lat' dir='ltr'>sibi</span> <span class='ocrx_word' id='word_1_33' title='bbox 1362 1049 1556 1102; x_wconf 89' lang='lat' dir='ltr'>nuncia</span> <span class='ocrx_word' id='word_1_34' title='bbox 1579 1049 1678 1102; x_wconf 85' lang='lat' dir='ltr'>fati</span> 
     </span>
     <span class='ocr_line' id='line_1_10' title="bbox 377 1156 1800 1230; baseline 0.001 -18"><span class='ocrx_word' id='word_1_35' title='bbox 377 1156 620 1212; x_wconf 85' lang='lat' dir='ltr'>Gaudia:</span> <span class='ocrx_word' id='word_1_36' title='bbox 659 1159 854 1230; x_wconf 89' lang='lat' dir='ltr'>quippe</span> <span class='ocrx_word' id='word_1_37' title='bbox 880 1160 1094 1214; x_wconf 85' lang='lat' dir='ltr'>brevem</span> <span class='ocrx_word' id='word_1_38' title='bbox 1119 1159 1366 1214; x_wconf 85' lang='lat' dir='ltr'>damnato</span> <span class='ocrx_word' id='word_1_39' title='bbox 1391 1161 1588 1214; x_wconf 81' lang='lat' dir='ltr'>fecerat</span> <span class='ocrx_word' id='word_1_40' title='bbox 1614 1160 1800 1215; x_wconf 85' lang='lat' dir='ltr'>absens</span> 
     </span>
     <span class='ocr_line' id='line_1_11' title="bbox 381 1267 1918 1340; baseline 0.001 -17"><span class='ocrx_word' id='word_1_41' title='bbox 381 1267 540 1323; x_wconf 86' lang='lat' dir='ltr'>Sacra</span> <span class='ocrx_word' id='word_1_42' title='bbox 563 1288 762 1322; x_wconf 89' lang='lat' dir='ltr'>moram</span> <span class='ocrx_word' id='word_1_43' title='bbox 786 1269 993 1340; x_wconf 88' lang='lat' dir='ltr'>puppis,</span> <span class='ocrx_word' id='word_1_44' title='bbox 1023 1289 1181 1339; x_wconf 90' lang='lat' dir='ltr'>quam</span> <span class='ocrx_word' id='word_1_45' title='bbox 1206 1289 1348 1323; x_wconf 88' lang='lat' dir='ltr'>nunc</span> <span class='ocrx_word' id='word_1_46' title='bbox 1374 1270 1440 1323; x_wconf 91' lang='lat' dir='ltr'>ah</span> <span class='ocrx_word' id='word_1_47' title='bbox 1462 1271 1473 1324; x_wconf 71' lang='lat'><em>2</em></span> <span class='ocrx_word' id='word_1_48' title='bbox 1512 1271 1631 1324; x_wconf 84' lang='lat' dir='ltr'>laeta</span> <span class='ocrx_word' id='word_1_49' title='bbox 1655 1290 1918 1324; x_wconf 81' lang='lat' dir='ltr'>reversam</span> 
     </span>
     <span class='ocr_line' id='line_1_12' title="bbox 378 1378 1510 1454; baseline 0.004 -21"><span class='ocrx_word' id='word_1_50' title='bbox 378 1378 564 1434; x_wconf 87' lang='lat' dir='ltr'>Turba</span> <span class='ocrx_word' id='word_1_51' title='bbox 589 1381 670 1434; x_wconf 88' lang='lat' dir='ltr'>sui</span> <span class='ocrx_word' id='word_1_52' title='bbox 695 1401 905 1452; x_wconf 87' lang='lat' dir='ltr'>compos</span> <span class='ocrx_word' id='word_1_53' title='bbox 930 1383 1042 1436; x_wconf 86' lang='lat' dir='ltr'>voti</span> <span class='ocrx_word' id='word_1_54' title='bbox 1066 1392 1274 1454; x_wconf 87' lang='lat' dir='ltr'>gratata</span> <span class='ocrx_word' id='word_1_55' title='bbox 1299 1383 1510 1447; x_wconf 86' lang='lat' dir='ltr'>salutat,</span> 
     </span>
    </p>

    <p class='ocr_par' dir='ltr' id='par_1_8' title="bbox 376 1489 1624 1562">
     <span class='ocr_line' id='line_1_13' title="bbox 376 1489 1624 1562; baseline 0.002 -17"><span class='ocrx_word' id='word_1_56' title='bbox 376 1489 633 1561; x_wconf 86' lang='lat' dir='ltr'>Undique</span> <span class='ocrx_word' id='word_1_57' title='bbox 657 1491 857 1545; x_wconf 82' lang='lat' dir='ltr'>diffusis</span> <span class='ocrx_word' id='word_1_58' title='bbox 884 1511 1001 1562; x_wconf 83' lang='lat' dir='ltr'>quae</span> <span class='ocrx_word' id='word_1_59' title='bbox 1026 1493 1191 1547; x_wconf 88' lang='lat' dir='ltr'>libera</span> <span class='ocrx_word' id='word_1_60' title='bbox 1215 1495 1446 1547; x_wconf 89' lang='lat' dir='ltr'>vescitur</span> <span class='ocrx_word' id='word_1_61' title='bbox 1470 1495 1624 1548; x_wconf 78' lang='lat' dir='ltr'>auris,</span> 
     </span>
    </p>

    <p class='ocr_par' dir='ltr' id='par_1_9' title="bbox 377 1600 1811 1674">
     <span class='ocr_line' id='line_1_14' title="bbox 377 1600 1811 1674; baseline 0.004 -20"><span class='ocrx_word' id='word_1_62' title='bbox 377 1600 458 1656; x_wconf 89' lang='lat' dir='ltr'>At</span> <span class='ocrx_word' id='word_1_63' title='bbox 482 1610 662 1656; x_wconf 85' lang='lat' dir='ltr'>tamen</span> <span class='ocrx_word' id='word_1_64' title='bbox 688 1612 783 1666; x_wconf 86' lang='lat' dir='ltr'>est,</span> <span class='ocrx_word' id='word_1_65' title='bbox 812 1603 906 1657; x_wconf 87' lang='lat' dir='ltr'>tali</span> <span class='ocrx_word' id='word_1_66' title='bbox 932 1624 1091 1674; x_wconf 92' lang='lat' dir='ltr'>quem</span> <span class='ocrx_word' id='word_1_67' title='bbox 1117 1625 1223 1659; x_wconf 92' lang='lat' dir='ltr'>non</span> <span class='ocrx_word' id='word_1_68' title='bbox 1249 1606 1386 1658; x_wconf 80' lang='lat' dir='ltr'>mala</span> <span class='ocrx_word' id='word_1_69' title='bbox 1410 1606 1620 1660; x_wconf 89' lang='lat' dir='ltr'>vincula</span> <span class='ocrx_word' id='word_1_70' title='bbox 1644 1607 1811 1671; x_wconf 78' lang='lat' dir='ltr'>luem,</span> 
     </span>
    </p>

    <p class='ocr_par' dir='ltr' id='par_1_10' title="bbox 378 1714 1716 1900">
     <span class='ocr_line' id='line_1_15' title="bbox 378 1714 1716 1796; baseline 0.003 -28"><span class='ocrx_word' id='word_1_71' title='bbox 378 1714 432 1768; x_wconf 90' lang='lat' dir='ltr'>N</span> <span class='ocrx_word' id='word_1_72' title='bbox 434 1734 502 1768; x_wconf 92' lang='lat' dir='ltr'>on</span> <span class='ocrx_word' id='word_1_73' title='bbox 526 1724 705 1769; x_wconf 89' lang='lat' dir='ltr'>movet</span> <span class='ocrx_word' id='word_1_74' title='bbox 729 1715 1066 1796; x_wconf 82' lang='lat' dir='ltr'>impavidum,</span> <span class='ocrx_word' id='word_1_75' title='bbox 1088 1717 1290 1770; x_wconf 77' lang='lat' dir='ltr'>festinae</span> <span class='ocrx_word' id='word_1_76' title='bbox 1315 1718 1509 1788; x_wconf 75' lang='lat' dir='ltr'>praevia</span> <span class='ocrx_word' id='word_1_77' title='bbox 1533 1719 1716 1772; x_wconf 88' lang='lat' dir='ltr'>mortis</span> 
     </span>
     <span class='ocr_line' id='line_1_16' title="bbox 381 1827 1699 1900; baseline 0.002 -18"><span class='ocrx_word' id='word_1_78' title='bbox 381 1827 559 1898; x_wconf 85' lang='lat' dir='ltr'>Signa,</span> <span class='ocrx_word' id='word_1_79' title='bbox 587 1847 715 1880; x_wconf 88' lang='lat' dir='ltr'>cavo</span> <span class='ocrx_word' id='word_1_80' title='bbox 734 1828 914 1898; x_wconf 92' lang='lat' dir='ltr'>populi</span> <span class='ocrx_word' id='word_1_81' title='bbox 939 1829 1237 1900; x_wconf 81' lang='lat' dir='ltr'>geminatus</span> <span class='ocrx_word' id='word_1_82' title='bbox 1262 1849 1466 1884; x_wconf 87' lang='lat' dir='ltr'>carcere</span> <span class='ocrx_word' id='word_1_83' title='bbox 1492 1831 1699 1885; x_wconf 89' lang='lat' dir='ltr'>clamor.</span> 
     </span>
    </p>
   </div>
   <div class='ocr_carea' id='block_1_6' title="bbox 377 1937 1709 2012">
    <p class='ocr_par' dir='ltr' id='par_1_11' title="bbox 377 1937 1709 2012">
     <span class='ocr_line' id='line_1_17' title="bbox 377 1937 1709 2012; baseline 0.004 -21"><span class='ocrx_word' id='word_1_84' title='bbox 377 1938 495 2002; x_wconf 87' lang='lat' dir='ltr'>Ille,</span> <span class='ocrx_word' id='word_1_85' title='bbox 525 1937 700 2010; x_wconf 81' lang='lat' dir='ltr'>Anyti</span> <span class='ocrx_word' id='word_1_86' title='bbox 724 1959 860 2003; x_wconf 66' lang='lat' dir='ltr'>reim,</span> <span class='ocrx_word' id='word_1_87' title='bbox 889 1940 1080 1994; x_wconf 85' lang='lat' dir='ltr'>insonti</span> <span class='ocrx_word' id='word_1_88' title='bbox 1110 1959 1204 1994; x_wconf 89' lang='lat' dir='ltr'>sua</span> <span class='ocrx_word' id='word_1_89' title='bbox 1227 1950 1438 2012; x_wconf 83' lang='lat' dir='ltr'>pectore</span> <span class='ocrx_word' id='word_1_90' title='bbox 1465 1952 1709 1996; x_wconf 84' lang='lat' dir='ltr'>constans</span> 
     </span>
    </p>
   </div>
   <div class='ocr_carea' id='block_1_7' title="bbox 323 2044 1924 3234">
    <p class='ocr_par' dir='ltr' id='par_1_12' title="bbox 375 2044 1824 2674">
     <span class='ocr_line' id='line_1_18' title="bbox 377 2044 1824 2120; baseline 0.003 -22"><span class='ocrx_word' id='word_1_91' title='bbox 377 2044 515 2098; x_wconf 86' lang='lat' dir='ltr'>Fata</span> <span class='ocrx_word' id='word_1_92' title='bbox 541 2054 748 2098; x_wconf 89' lang='lat' dir='ltr'>manet:</span> <span class='ocrx_word' id='word_1_93' title='bbox 790 2045 987 2099; x_wconf 90' lang='lat' dir='ltr'>frustra</span> <span class='ocrx_word' id='word_1_94' title='bbox 1010 2047 1251 2117; x_wconf 89' lang='lat' dir='ltr'>precibus</span> <span class='ocrx_word' id='word_1_95' title='bbox 1276 2047 1513 2117; x_wconf 91' lang='lat' dir='ltr'>fletuque</span> <span class='ocrx_word' id='word_1_96' title='bbox 1539 2058 1824 2120; x_wconf 84' lang='lat' dir='ltr'>negantem</span> 
     </span>
     <span class='ocr_line' id='line_1_19' title="bbox 377 2155 1781 2228; baseline 0.002 -18"><span class='ocrx_word' id='word_1_97' title='bbox 377 2155 724 2228; x_wconf 83' lang='lat' dir='ltr'>Aggreditur,</span> <span class='ocrx_word' id='word_1_98' title='bbox 751 2155 1042 2225; x_wconf 87' lang='lat' dir='ltr'>suadetque</span> <span class='ocrx_word' id='word_1_99' title='bbox 1068 2157 1266 2228; x_wconf 84' lang='lat' dir='ltr'>fugam,</span> <span class='ocrx_word' id='word_1_100' title='bbox 1295 2158 1521 2228; x_wconf 88' lang='lat' dir='ltr'>pendere</span> <span class='ocrx_word' id='word_1_101' title='bbox 1547 2158 1781 2213; x_wconf 86' lang='lat' dir='ltr'>docentis</span> 
     </span>
     <span class='ocr_line' id='line_1_20' title="bbox 379 2268 1665 2342; baseline -0.001 -18"><span class='ocrx_word' id='word_1_102' title='bbox 379 2268 563 2324; x_wconf 87' lang='lat' dir='ltr'>Coetus</span> <span class='ocrx_word' id='word_1_103' title='bbox 587 2268 654 2322; x_wconf 91' lang='lat' dir='ltr'>ab</span> <span class='ocrx_word' id='word_1_104' title='bbox 680 2287 768 2322; x_wconf 91' lang='lat' dir='ltr'>ore</span> <span class='ocrx_word' id='word_1_105' title='bbox 794 2269 894 2321; x_wconf 84' lang='lat' dir='ltr'>viri</span> <span class='ocrx_word' id='word_1_106' title='bbox 920 2269 1119 2333; x_wconf 83' lang='lat' dir='ltr'>solitus,</span> <span class='ocrx_word' id='word_1_107' title='bbox 1147 2269 1302 2339; x_wconf 88' lang='lat' dir='ltr'>modo</span> <span class='ocrx_word' id='word_1_108' title='bbox 1328 2290 1472 2323; x_wconf 87' lang='lat' dir='ltr'>sacra</span> <span class='ocrx_word' id='word_1_109' title='bbox 1498 2271 1665 2342; x_wconf 85' lang='lat' dir='ltr'>Lycei</span> 
     </span>
     <span class='ocr_line' id='line_1_21' title="bbox 375 2379 1724 2454; baseline 0.003 -21"><span class='ocrx_word' id='word_1_110' title='bbox 375 2379 543 2434; x_wconf 87' lang='lat' dir='ltr'>Tecta</span> <span class='ocrx_word' id='word_1_111' title='bbox 567 2379 742 2434; x_wconf 89' lang='lat' dir='ltr'>colens</span> <span class='ocrx_word' id='word_1_112' title='bbox 766 2380 1110 2451; x_wconf 87' lang='lat' dir='ltr'>platanosque</span> <span class='ocrx_word' id='word_1_113' title='bbox 1139 2381 1279 2435; x_wconf 85' lang='lat' dir='ltr'>Ilissi</span> <span class='ocrx_word' id='word_1_114' title='bbox 1305 2391 1456 2454; x_wconf 86' lang='lat' dir='ltr'>grata</span> <span class='ocrx_word' id='word_1_115' title='bbox 1482 2383 1724 2437; x_wconf 88' lang='lat' dir='ltr'>bibentes</span> 
     </span>
     <span class='ocr_line' id='line_1_22' title="bbox 376 2490 1803 2561; baseline 0.004 -18"><span class='ocrx_word' id='word_1_116' title='bbox 376 2490 642 2553; x_wconf 86' lang='lat' dir='ltr'>Flumina,</span> <span class='ocrx_word' id='word_1_117' title='bbox 664 2509 805 2544; x_wconf 91' lang='lat' dir='ltr'>nunc</span> <span class='ocrx_word' id='word_1_118' title='bbox 831 2490 1004 2561; x_wconf 89' lang='lat' dir='ltr'>sylvas</span> <span class='ocrx_word' id='word_1_119' title='bbox 1033 2491 1290 2546; x_wconf 86' lang='lat' dir='ltr'>Academi</span> <span class='ocrx_word' id='word_1_120' title='bbox 1318 2502 1371 2546; x_wconf 86' lang='lat' dir='ltr'>et</span> <span class='ocrx_word' id='word_1_121' title='bbox 1398 2493 1573 2546; x_wconf 87' lang='lat' dir='ltr'>dulcia</span> <span class='ocrx_word' id='word_1_122' title='bbox 1600 2494 1803 2548; x_wconf 87' lang='lat' dir='ltr'>Phoebo</span> 
     </span>
     <span class='ocr_line' id='line_1_23' title="bbox 378 2601 1616 2674; baseline 0.003 -19"><span class='ocrx_word' id='word_1_123' title='bbox 378 2601 552 2666; x_wconf 89' lang='lat' dir='ltr'>Atria,</span> <span class='ocrx_word' id='word_1_124' title='bbox 580 2602 856 2657; x_wconf 83' lang='lat' dir='ltr'>Socraticis</span> <span class='ocrx_word' id='word_1_125' title='bbox 882 2604 1098 2674; x_wconf 89' lang='lat' dir='ltr'>posthac</span> <span class='ocrx_word' id='word_1_126' title='bbox 1124 2605 1353 2658; x_wconf 87' lang='lat' dir='ltr'>caritura</span> <span class='ocrx_word' id='word_1_127' title='bbox 1377 2605 1616 2674; x_wconf 77' lang='lat' dir='ltr'>loquelis,</span> 
     </span>
    </p>

    <p class='ocr_par' dir='ltr' id='par_1_13' title="bbox 323 2713 1924 3234">
     <span class='ocr_line' id='line_1_24' title="bbox 323 2713 1743 2788; baseline 0.001 -21"><span class='ocrx_word' id='word_1_128' title='bbox 323 2722 358 2746; x_wconf 89' lang='lat'><strong>“</strong></span> <span class='ocrx_word' id='word_1_129' title='bbox 386 2713 549 2778; x_wconf 86' lang='lat' dir='ltr'>Has,’&#39;</span> <span class='ocrx_word' id='word_1_130' title='bbox 573 2714 663 2777; x_wconf 87' lang='lat' dir='ltr'>ait,</span> <span class='ocrx_word' id='word_1_131' title='bbox 694 2722 727 2746; x_wconf 78' lang='lat'>‘⁶</span> <span class='ocrx_word' id='word_1_132' title='bbox 744 2714 977 2778; x_wconf 71' lang='lat' dir='ltr'>exuvias&gt;‚</span> <span class='ocrx_word' id='word_1_133' title='bbox 1005 2715 1104 2768; x_wconf 89' lang='lat' dir='ltr'>hoc</span> <span class='ocrx_word' id='word_1_134' title='bbox 1129 2716 1267 2768; x_wconf 87' lang='lat' dir='ltr'>tanti</span> <span class='ocrx_word' id='word_1_135' title='bbox 1292 2716 1520 2786; x_wconf 88' lang='lat' dir='ltr'>penditis</span> <span class='ocrx_word' id='word_1_136' title='bbox 1546 2737 1743 2788; x_wconf 79' lang='lat' dir='ltr'>aegrum</span> 
     </span>
     <span class='ocr_line' id='line_1_25' title="bbox 379 2824 1924 2899; baseline 0.001 -21"><span class='ocrx_word' id='word_1_137' title='bbox 379 2824 623 2896; x_wconf 81' lang='lat' dir='ltr'>Corpus?</span> <span class='ocrx_word' id='word_1_138' title='bbox 662 2834 716 2878; x_wconf 85' lang='lat' dir='ltr'>et</span> <span class='ocrx_word' id='word_1_139' title='bbox 741 2825 854 2883; x_wconf 85' lang='lat' dir='ltr'>hoc,</span> <span class='ocrx_word' id='word_1_140' title='bbox 884 2825 1068 2878; x_wconf 85' lang='lat' dir='ltr'>animae</span> <span class='ocrx_word' id='word_1_141' title='bbox 1095 2826 1235 2894; x_wconf 86' lang='lat' dir='ltr'>quod</span> <span class='ocrx_word' id='word_1_142' title='bbox 1257 2826 1332 2878; x_wconf 84' lang='lat' dir='ltr'>nil</span> <span class='ocrx_word' id='word_1_143' title='bbox 1358 2827 1458 2879; x_wconf 79' lang='lat' dir='ltr'>nisi</span> <span class='ocrx_word' id='word_1_144' title='bbox 1483 2828 1643 2881; x_wconf 88' lang='lat' dir='ltr'>fictile</span> <span class='ocrx_word' id='word_1_145' title='bbox 1671 2830 1924 2899; x_wconf 84' lang='lat' dir='ltr'>tegmen?</span> 
     </span>
     <span class='ocr_line' id='line_1_26' title="bbox 377 2936 1816 3011; baseline 0.002 -21"><span class='ocrx_word' id='word_1_146' title='bbox 377 2936 646 3008; x_wconf 88' lang='lat' dir='ltr'>Lampade</span> <span class='ocrx_word' id='word_1_147' title='bbox 672 2956 767 2990; x_wconf 89' lang='lat' dir='ltr'>ceu</span> <span class='ocrx_word' id='word_1_148' title='bbox 793 2937 887 2990; x_wconf 89' lang='lat' dir='ltr'>lux</span> <span class='ocrx_word' id='word_1_149' title='bbox 907 2938 1020 3008; x_wconf 86' lang='lat' dir='ltr'>ipsa</span> <span class='ocrx_word' id='word_1_150' title='bbox 1044 2938 1226 3001; x_wconf 81' lang='lat' dir='ltr'>minor,</span> <span class='ocrx_word' id='word_1_151' title='bbox 1255 2959 1353 2992; x_wconf 89' lang='lat' dir='ltr'>ceu</span> <span class='ocrx_word' id='word_1_152' title='bbox 1371 2959 1578 3011; x_wconf 84' lang='lat' dir='ltr'>gemma</span> <span class='ocrx_word' id='word_1_153' title='bbox 1604 2941 1671 2993; x_wconf 87' lang='lat' dir='ltr'>sit</span> <span class='ocrx_word' id='word_1_154' title='bbox 1698 2961 1816 2993; x_wconf 88' lang='lat' dir='ltr'>arca</span> 
     </span>
     <span class='ocr_line' id='line_1_27' title="bbox 380 3046 1772 3121; baseline 0.001 -20"><span class='ocrx_word' id='word_1_155' title='bbox 380 3046 587 3110; x_wconf 83' lang='lat' dir='ltr'>Vilior3</span> <span class='ocrx_word' id='word_1_156' title='bbox 627 3057 721 3101; x_wconf 88' lang='lat' dir='ltr'>aut</span> <span class='ocrx_word' id='word_1_157' title='bbox 747 3047 870 3102; x_wconf 87' lang='lat' dir='ltr'>olim</span> <span class='ocrx_word' id='word_1_158' title='bbox 898 3049 1122 3102; x_wconf 88' lang='lat' dir='ltr'>volucris</span> <span class='ocrx_word' id='word_1_159' title='bbox 1148 3059 1398 3104; x_wconf 86' lang='lat' dir='ltr'>consueta</span> <span class='ocrx_word' id='word_1_160' title='bbox 1423 3071 1517 3121; x_wconf 88' lang='lat' dir='ltr'>per</span> <span class='ocrx_word' id='word_1_161' title='bbox 1542 3051 1772 3121; x_wconf 88' lang='lat' dir='ltr'>amplum</span> 
     </span>
     <span class='ocr_line' id='line_1_28' title="bbox 379 3159 1757 3234; baseline 0.002 -22"><span class='ocrx_word' id='word_1_162' title='bbox 379 3159 610 3214; x_wconf 88' lang='lat' dir='ltr'>AEthera</span> <span class='ocrx_word' id='word_1_163' title='bbox 634 3170 778 3214; x_wconf 88' lang='lat' dir='ltr'>trans</span> <span class='ocrx_word' id='word_1_164' title='bbox 803 3161 1017 3215; x_wconf 86' lang='lat' dir='ltr'>densam</span> <span class='ocrx_word' id='word_1_165' title='bbox 1043 3162 1247 3216; x_wconf 81' lang='lat' dir='ltr'>nebulae</span> <span class='ocrx_word' id='word_1_166' title='bbox 1274 3163 1384 3215; x_wconf 89' lang='lat' dir='ltr'>sine</span> <span class='ocrx_word' id='word_1_167' title='bbox 1410 3182 1554 3216; x_wconf 87' lang='lat' dir='ltr'>more</span> <span class='ocrx_word' id='word_1_168' title='bbox 1580 3163 1757 3234; x_wconf 79' lang='lat' dir='ltr'>vagari</span> 
     </span>
    </p>
   </div>
   <div class='ocr_carea' id='block_1_8' title="bbox 380 3269 1553 3342">
    <p class='ocr_par' dir='ltr' id='par_1_14' title="bbox 380 3269 1553 3342">
     <span class='ocr_line' id='line_1_29' title="bbox 380 3269 1553 3342; baseline 0.001 -16"><span class='ocrx_word' id='word_1_169' title='bbox 380 3269 710 3342; x_wconf 85' lang='lat' dir='ltr'>Congeriem‚</span> <span class='ocrx_word' id='word_1_170' title='bbox 739 3291 907 3326; x_wconf 82' lang='lat' dir='ltr'>caveae</span> <span class='ocrx_word' id='word_1_171' title='bbox 934 3272 1172 3327; x_wconf 87' lang='lat' dir='ltr'>claustris</span> <span class='ocrx_word' id='word_1_172' title='bbox 1200 3274 1343 3328; x_wconf 84' lang='lat' dir='ltr'>exire</span> <span class='ocrx_word' id='word_1_173' title='bbox 1370 3274 1553 3328; x_wconf 87' lang='lat' dir='ltr'>solutis</span> 
     </span>
    </p>
   </div>
  </div>
 </body>
</html>
