2418 3944
753 435 1153 478 ANTHOLOGIA
1196 432 1570 475 OXONIENSIS.
1929 431 2009 475 167

1066 695 1227 732 XCIX.

868 791 1129 850 {utantuz
1157 789 1462 860 magister.

421 944 506 997 TE
534 963 747 1015 superas
772 952 997 1007 tantum,
1025 963 1108 996 me
1126 942 1321 1013 judice,
1352 941 1550 1004 Chlori,
1579 939 1779 994 canoris

495 1055 635 1111 Cum
659 1076 777 1110 mea
801 1055 1029 1127 dignaris
1054 1055 1270 1108 reddere
1295 1054 1456 1107 verba
1478 1053 1644 1106 modis
1663 1073 1676 1116 3

423 1169 601 1238 Quem
625 1169 794 1232 docui,
823 1178 983 1222 cantu
1007 1178 1068 1221 ut
1094 1177 1276 1221 tenear
1302 1186 1514 1237 quoque
1540 1174 1723 1237 captus
1749 1165 1947 1228 eodem,

495 1279 616 1350 Ipse
642 1299 737 1332 sua
762 1278 930 1348 qualis
955 1278 1126 1331 victus
1151 1278 1216 1331 ab
1242 1287 1354 1331 arte
1384 1297 1581 1349 magus,

425 1445 552 1499 Una
575 1445 702 1497 mihi
728 1463 838 1498 sors
864 1453 943 1498 est
969 1445 1156 1513 aquilae
1182 1445 1468 1497 eommunis
1495 1453 1548 1497 et
1573 1444 1665 1507 illi,

497 1558 620 1627 Quo
646 1559 817 1630 periit,
844 1558 1092 1611 miserum
1117 1556 1409 1626 trajiciente
1434 1555 1588 1618 latus,

422 1671 490 1724 In
516 1672 713 1725 calamo
739 1671 1000 1742 propriam
1027 1689 1143 1738 quae
1168 1668 1300 1722 vidit
1327 1668 1532 1722 conscia
1555 1688 1796 1739 pennam,

497 1783 619 1837 Ibat
644 1783 700 1835 in
727 1782 998 1835 aetherium
1025 1801 1132 1850 qua
1155 1780 1300 1850 prius
1325 1780 1416 1832 illa
1438 1780 1632 1850 polum.

426 1949 484 2004 Si
501 1951 759 2020 juvenum
785 1957 1002 2018 questus
1026 1947 1283 2018 potuisset
1309 1946 1544 1999 amabilis
1569 1945 1718 1999 Echo

496 2061 630 2114 Tam
654 2060 788 2114 bene
813 2060 1050 2114 blandito
1074 2068 1226 2131 grata
1249 2060 1443 2112 referre
1470 2078 1595 2111 sono
1616 2078 1630 2122 ς

421 2173 523 2227 Ille
548 2193 681 2245 puer
703 2171 922 2244 geminae
948 2171 1104 2234 vociS,
1132 2190 1229 2224 nee
1254 2170 1479 2242 imagine
1505 2170 1682 2223 formae

495 2284 563 2337 ln
587 2283 797 2353 liquidae
823 2283 934 2336 visa
959 2283 1103 2335 fonte
1129 2282 1397 2353 flagrasset-
1424 2301 1588 2350 aquae.

1156 2723 1205 2760 C.

1088 2817 1258 2890 «ἦμες.

499 2967 810 3020 ῘΜΜΙΝΕΑΤ
836 2967 1053 3037 gravida
1080 2967 1319 3036 quamvis
1344 2967 1554 3019 fortuna
1579 2965 1820 3037 procella,

566 3077 755 3131 Dulcis
781 3077 952 3130 adhuc
978 3077 1116 3130 claro
1142 3097 1257 3148 spes
1283 3077 1443 3130 micat
1469 3086 1584 3130 orta
1608 3076 1759 3146 polo:

496 3187 604 3242 Ore
629 3188 890 3242 renidenti
916 3188 1120 3242 nimbos
1145 3189 1296 3259 fugat
1322 3188 1411 3240 illa
1435 3188 1711 3250 minanteS,

567 3299 751 3352 Laetus
778 3307 839 3352 ut
864 3298 1161 3352 imbriferas
1187 3318 1337 3353 arcus
1363 3299 1569 3351 inaurat
1594 3316 1770 3365 aquas.

1874 3393 1916 3425 B.
