2418 3944
895 424 1287 467 ANTHOLOGIA
1335 425 1708 467 OXONIENSIS.

1263 724 1344 760 IX.

796 837 891 897 Ξῑιτ
930 836 1152 895 Natura
1191 834 1389 908 aliquit«
1426 845 1545 908 agat
1583 837 1796 895 frustra.

1231 968 1359 1007 Nmn.

550 1087 871 1142 CLASSIBUS
899 1086 1157 1140 Amerioae
1182 1088 1312 1141 fines
1337 1089 1559 1141 lustrare
1584 1088 1809 1141 latentes

624 1198 788 1252 Sueta
812 1197 919 1261 diu,
948 1206 1002 1250 et
1027 1197 1224 1250 domito
1249 1198 1525 1251 nobilitata
1548 1197 1695 1260 mari,

546 1309 604 1361 N
606 1329 710 1362 une
735 1309 923 1380 Libyae
948 1309 1154 1380 ignotos
1178 1309 1379 1379 pandis,
1407 1309 1699 1371 Britannia,
1726 1316 1928 1361 tractus
1989 1362 1991 1365 ,

617 1421 803 1473 Laude
828 1420 956 1490 pari,
985 1429 1039 1473 et
1063 1440 1314 1491 magnum
1338 1421 1437 1474 rite
1464 1421 1685 1491 capessis
1710 1440 1854 1491 opus.

543 1535 690 1605 Ergo
715 1534 902 1604 aliquis
931 1534 1194 1587 Nomadas
1220 1554 1484 1605 superans,
1514 1534 1832 1604 Gaetulaque
1858 1553 1997 1595 saxa,

618 1646 814 1699 Audax
840 1647 1045 1701 deserto
1069 1648 1125 1699 in
1150 1649 1362 1702 tramite
1388 1649 1571 1702 tendet
1595 1649 1697 1702 iter
1716 1669 1730 1712 3

544 1758 661 1809 Aut
688 1757 910 1811 Meroen
934 1759 1089 1821 ultra,
1118 1767 1171 1811 et
1196 1759 1464 1812 nascentia
1487 1759 1704 1811 fiumina
1729 1757 1863 1820 Nili,

616 1869 936 1939 AEthiopum
963 1879 1198 1923 extremo
1223 1870 1279 1922 in
1303 1871 1482 1923 littore
1508 1890 1670 1942 regna
1694 1878 1841 1940 petet
1862 1889 1897 1931 ;-

545 1979 661 2033 Aut
686 1981 894 2044 referet,
921 1982 1116 2035 medias
1140 1982 1280 2035 inter
1307 1981 1479 2053 Niger
1504 1990 1653 2035 aetus
1679 2000 1878 2043 arenas,

618 2091 741 2158 Quo
766 2112 922 2145 eursu
948 2102 1002 2145 et
1029 2101 1228 2162 quanto
1252 2093 1468 2146 flumine
1494 2093 1661 2146 volvit
1686 2111 1863 2162 aquas.

543 2204 597 2256 N
601 2223 660 2256 ee
684 2222 806 2256 vero
831 2211 991 2255 tantae
1018 2204 1195 2256 eredas
1218 2204 1390 2257 media
1414 2203 1586 2257 omnia
1610 2212 1762 2256 terrae

616 2314 780 2367 Foeda
805 2314 926 2377 situ,
956 2322 1009 2366 et
1035 2314 1199 2366 sterili
1224 2315 1439 2385 pulvere
1466 2334 1634 2368 mersa
1658 2314 1854 2384 premi3

545 2428 659 2481 Nee
683 2435 893 2481 tantum
916 2426 1050 2479 hane
1077 2427 1285 2480 Natura
1308 2447 1494 2498 parens
1521 2427 1754 2498 porrexit
1779 2428 1834 2479 in
1859 2444 2051 2496 aequor,

621 2538 755 2605 Quae
773 2538 946 2607 jaceat
972 2537 1131 2589 nullis
1156 2537 1338 2590 usibus
1363 2546 1500 2607 apta,
1529 2537 1751 2607 plagam.

543 2651 719 2721 Atqui
744 2659 797 2704 et
821 2652 942 2703 laeta
965 2670 1150 2722 greges
1176 2658 1351 2703 errant
1375 2670 1470 2720 per
1494 2669 1700 2720 pascua,
1728 2657 1782 2701 et
1807 2647 1979 2718 ampla

613 2762 726 2835 (Ne
753 2761 987 2832 dubites)
1013 2761 1172 2814 vestit
1199 2761 1329 2813 ditia
1354 2761 1498 2813 culta
1523 2779 1684 2830 segeS.

540 2874 615 2927 Et
640 2874 820 2945 populi
844 2874 1116 2944 indigenae,
1143 2872 1388 2942 belloque
1415 2880 1469 2925 et
1494 2891 1620 2941 paee
1646 2878 1904 2940 potentes,

616 2983 931 3053 Oppidaque
959 2990 1012 3035 et
1039 3000 1208 3034 mores
1235 2989 1288 3034 et
1315 3000 1408 3033 sua
1434 3000 1577 3033 saera
1602 2980 1796 3033 colunt.

541 3093 676 3146 Fors
703 3102 757 3146 et
782 3093 929 3164 digni
955 3092 1113 3145 etiam
1140 3111 1270 3161 quos
1296 3100 1373 3154 tu,
1404 3090 1697 3152 Britannia,
1727 3089 1993 3159 quondam

617 3205 779 3260 Certa
803 3205 858 3257 in
885 3205 1123 3258 amicitiae
1149 3204 1344 3256 foedera
1368 3204 1469 3256 rite
1496 3223 1663 3256 voees
