2418 3944
783 409 1175 450 ANTHOLOGIA
1221 408 1594 450 OXONIENSIS.
1978 408 2032 451 65

484 693 607 749 Sive
633 695 820 747 fremat
846 702 1037 747 ventus
1062 693 1228 763 rapidi
1254 711 1372 745 cum
1400 691 1613 744 verbere
1638 690 1819 753 nimbi,

554 806 630 858 Et
656 805 861 875 quatiat
886 804 1124 875 fragilem
1149 803 1375 856 turbinis
1400 802 1478 854 ira
1502 821 1702 864 casam3
1734 839 1738 842 «

485 917 609 972 Sive
634 917 768 970 feras
793 917 906 969 noti
932 925 1190 969 sectemur
1214 916 1270 967 in
1296 934 1500 984 aequore
1526 913 1694 984 campi
1714 933 1727 976 3

557 1028 878 1081 Admonitus
904 1028 968 1081 de
994 1036 1048 1080 te
1074 1028 1243 1080 multa
1266 1027 1500 1079 revolvet
1527 1045 1683 1078 amor.

482 1213 652 1266 Plena
676 1213 756 1266 tui
781 1213 1009 1265 referent
1035 1212 1183 1265 nobis
1210 1222 1263 1265 te
1290 1212 1398 1264 sola
1420 1212 1670 1273 locorum,

555 1326 784 1379 Debitus
811 1334 865 1378 et
889 1326 1130 1396 lacrymae
1155 1344 1261 1376 non
1287 1323 1384 1376 tibi
1410 1322 1576 1375 deerit
1600 1322 1778 1374 honos

482 1438 667 1490 Dulcis
694 1456 821 1500 eras,
849 1436 1080 1488 animum
1105 1435 1270 1487 donec
1295 1453 1400 1486 non
1426 1432 1647 1502 amplius
1673 1450 1868 1502 aegrum

561 1551 688 1603 Haec
713 1550 888 1620 potuit
912 1557 1063 1620 grata
1086 1549 1197 1602 vita
1214 1549 1400 1617 juvare
1426 1565 1598 1608 mora3

483 1663 670 1715 Donec
697 1671 751 1715 et
778 1661 1039 1714 exstincto
1064 1668 1293 1729 nequeat
1317 1659 1647 1710 miserescere
1674 1675 1829 1709 sensu

557 1773 679 1843 Ipse
706 1772 868 1834 dolor,
895 1771 1070 1823 luctus
1097 1789 1251 1823 causa
1276 1769 1519 1840 perennis
1546 1768 1659 1820 eris·

1126 2167 1335 2204 XXXVI.

897 2275 1180 2349 meleagri
1217 2275 1583 2347 ripigtamma.

488 2430 624 2483 NON
649 2427 866 2500 genialis
892 2435 1003 2480 erat
1028 2426 1142 2489 tibi,
1171 2426 1277 2489 sed,
1308 2424 1579 2487 Clearista‚
1607 2424 1812 2495 rogaliS,

443 2514 444 2517 Ἴ
562 2521 685 2589 Quo
710 2520 812 2573 fuit
838 2520 893 2571 in
918 2518 1059 2572 tristi
1085 2537 1216 2570 zona
1241 2518 1413 2570 soluta
1436 2526 1568 2570 toro·
1626 2551 1628 2554 -

486 2613 721 2684 Vespere
747 2633 869 2664 nam
893 2621 1071 2682 nuptae
1096 2612 1291 2664 festum
1316 2611 1529 2664 tibicine
1555 2611 1717 2664 limen

478 2703 482 2708 ’
559 2705 636 2758 Et
661 2704 878 2758 thalami
903 2704 1064 2774 pulsae
1090 2713 1455 2775 perstrepuere
1481 2704 1647 2766 fores3

487 2797 650 2851 Mane
676 2817 861 2868 graves
886 2797 1127 2867 planctus
1152 2796 1381 2866 trepidas
1408 2815 1627 2849 sonuere
1652 2815 1746 2865 per
1771 2795 1920 2856 aedes,

563 2892 751 2945 Mutus
779 2900 832 2944 et
859 2900 938 2944 est
966 2891 1187 2960 querula
1212 2910 1338 2944 voce
1365 2891 1578 2962 fugatus
1607 2891 1839 2961 Hymen.

490 2984 624 3052 Quae
648 2984 802 3036 modo
829 2992 1122 3036 consortem
1147 2983 1272 3036 lecti
1297 2983 1517 3036 deduxit
1542 2983 1835 3035 habendam

561 3076 816 3147 Conjugis
842 3076 907 3128 ad
932 3076 1105 3128 laetam
1131 3076 1368 3146 pronuba
1393 3076 1528 3128 taeda
1553 3076 1794 3136 domum3

488 3169 612 3240 Ipsa
636 3169 806 3241 (nefas
824 3169 862 3240 Ξ)
889 3170 1069 3222 eadem
1094 3189 1336 3239 pompam
1362 3168 1609 3222 comitata
1634 3186 1927 3237 supremam

562 3261 784 3314 Praefuit
808 3261 1023 3315 infernae
1049 3261 1157 3313 dux
1183 3261 1354 3313 minus
1381 3269 1504 3330 apta
1529 3260 1638 3312 viae.
