2418 3944
472 458 552 501 198
903 459 1298 510 ANTHOLOGIA
1342 461 1716 504 OXONIENSIS.

1289 880 1370 917 VI.

1162 1003 1502 1073 Naufragus.

1491 1174 1562 1216 Ἐν
1586 1175 1624 1215 δὲ
1648 1176 1836 1229 θαλάττῃ

766 1259 769 1262 ’
831 1256 1006 1295 πλεῖστα
1031 1255 1323 1295 πολυκλαύτου
1346 1254 1467 1303 κήδεα
1489 1255 1719 1303 ναυτιλίης.

512 1381 688 1449 QUOD
715 1388 952 1451 superest
977 1380 1161 1443 solum,
1188 1379 1382 1450 pulsati
1407 1378 1656 1431 fluctibus
1682 1378 1811 1430 udas

584 1491 830 1562 Corporis
856 1491 1088 1550 exuvias,
1116 1491 1474 1559 relliquasque
1502 1490 1684 1553 trabis,

511 1605 631 1657 Hac
655 1603 754 1656 tibi
779 1603 958 1656 votiva
983 1621 1144 1664 sacr0,
1175 1601 1444 1671 Neptune,
1472 1599 1686 1663 tabella,

584 1715 785 1770 Gratus
811 1715 876 1768 ab
901 1714 1075 1766 infidis
1099 1713 1279 1767 navita
1304 1732 1480 1783 sospes
1506 1713 1670 1782 aquis

513 1826 631 1878 Ah!
670 1833 866 1895 pereat,
896 1824 1199 1894 quicunque
1225 1843 1377 1877 cavas
1406 1823 1766 1892 Aquilonibus
1793 1823 1939 1876 alnos

585 1937 838 2001 Credidit,
868 1946 921 1991 et
947 1937 1174 1991 vetitum
1199 1945 1344 1990 trans
1370 1956 1510 1990 mare
1536 1936 1681 2007 rupit
1706 1936 1823 1989 iter.

510 2049 680 2103 Ecce!
708 2049 998 2109 susurranti
1022 2048 1291 2102 blanditur
1315 2067 1584 2101 murmure
1609 2055 1817 2110 vent11S,
1852 2102 1854 2104 ,

586 2161 854 2230 Undaque
881 2160 1120 2231 crispatis
1146 2160 1283 2213 ridet
1310 2159 1485 2230 aprica
1509 2159 1670 2212 vadis.
1740 2216 1743 2219 Δ

513 2273 663 2336 Mox,
692 2273 783 2326 ubi
808 2272 1001 2325 mutati
1026 2273 1176 2343 niger
1200 2272 1412 2343 ingruet
1438 2270 1644 2324 aetheris
1668 2270 1866 2332 horror,

588 2384 696 2437 Per
720 2385 963 2436 tenebras
988 2403 1165 2450 rarum
1190 2383 1405 2454 fulgura
1429 2383 1609 2435 lumen
1635 2390 1805 2434 erunt.

517 2495 763 2563 Tumque
789 2493 1015 2547 frement
1041 2494 1340 2567 clamorque
1366 2493 1539 2546 virum
1563 2492 1839 2561 rabiesque
1866 2492 2120 2562 procellae,

592 2606 807 2661 Sternet
834 2615 888 2658 et
914 2605 1170 2658 exanimis
1195 2605 1353 2658 fortia
1379 2604 1535 2657 corda
1559 2613 1747 2657 metus.

521 2719 724 2774 Siccine
748 2716 1049 2787 longinquis
1075 2716 1230 2769 redeo
1256 2716 1454 2769 ditatus
1480 2717 1545 2768 ab
1572 2715 1712 2768 oris?

591 2830 838 2884 Haeccine
865 2837 988 2882 sunt
1013 2829 1156 2881 durae
1181 2828 1393 2897 praemia
1417 2836 1565 2880 tanta
1590 2827 1725 2880 viae?

517 2944 706 3015 AEger,
733 2942 899 3011 inopS,
928 2958 1128 3009 exspes,
1157 2938 1381 3009 scopulis
1406 2938 1663 2991 laceratus
1688 2938 1872 3001 acutiS,

594 3052 715 3105 Hoc
739 3051 912 3104 lucror
937 3070 968 3103 a
991 3050 1136 3104 varia
1159 3051 1369 3103 merce?
1447 3049 1638 3103 Valete
1666 3058 1817 3103 rates,
