2418 3944
696 435 1093 479 ANTHOLOGIA
1137 434 1517 477 OXONIENSIS.

1107 679 1205 717 XV.

721 776 943 838 &tabiae
969 775 1183 851 {Buellae
1211 774 1600 835 OEantitmtula.

409 922 613 977 SPISSA
636 941 764 976 rosae
788 930 981 975 texunt
1006 921 1061 973 in
1089 921 1239 974 Medi
1264 921 1568 974 umbracula
1593 921 1719 991 ripa,

480 1033 668 1087 Tristis
694 1033 786 1086 ubi
811 1041 950 1086 totos
974 1032 1067 1086 flet
1094 1030 1388 1086 Philomela
1413 1033 1535 1086 dies.

406 1143 580 1198 Dulce
603 1144 732 1197 mihi
756 1164 944 1215 parvae,
973 1164 1070 1198 ceu
1095 1145 1293 1197 somnia
1317 1145 1452 1207 laeta,
1481 1145 1682 1199 sedenti

485 1256 596 1312 Sub
623 1277 771 1311 roseo
796 1257 939 1310 visus
964 1257 1198 1328 tegmine
1226 1265 1411 1309 cantus
1437 1257 1561 1316 avis

409 1369 513 1422 Ina
536 1368 718 1422 vident
742 1388 998 1422 memores
1023 1368 1328 1421 umbracula
1353 1387 1556 1437 semper
1582 1367 1760 1430 ocelli:

483 1480 585 1534 Ille
611 1500 728 1533 mea
752 1499 1025 1548 nunquam
1051 1487 1236 1532 cantus
1262 1478 1317 1530 in
1343 1498 1467 1531 aure
1495 1478 1612 1531 silet
1633 1499 1645 1531 :

414 1590 614 1663 Saepius
641 1600 695 1644 at
720 1611 928 1644 meeum
951 1609 1140 1644 vernas
1165 1590 1420 1643 meditata
1445 1590 1541 1642 sub
1564 1590 1736 1652 horaS,

412 1713 448 1736 “
466 1705 649 1776 Luget
675 1703 844 1756 adhue
868 1702 975 1755 illic
999 1722 1128 1755 num
1154 1702 1449 1755 Philomela
1463 1703 1522 1754 ?'’
1558 1721 1699 1773 rogo·

358 1825 394 1849 ‘⁶
415 1816 578 1879 Num,
605 1815 735 1868 mihi
761 1815 854 1884 qui
879 1814 1045 1877 fulsit,
1073 1814 1257 1867 solitus
1282 1824 1462 1868 manet
1487 1815 1575 1868 ille
1601 1824 1789 1878 rosetO,

488 1926 648 1995 Quod
672 1925 874 1996 placido
901 1924 1095 1977 Medus
1121 1924 1344 1994 praefluit
1371 1944 1538 1987 amne,
1566 1924 1802 1978 rubor?”

415 2038 660 2101 Credula,
689 2037 818 2108 quid
842 2036 1023 2090 volui?
1060 2036 1243 2089 melior
1268 2036 1372 2089 cito
1398 2036 1604 2089 transiit
1631 2045 1784 2100 aetas3

484 2149 711 2204 Pensilis
735 2149 791 2200 in
816 2147 1066 2201 tremulas
1093 2155 1147 2200 et
1172 2166 1289 2200 rosa
1312 2147 1467 2200 fluxit
1494 2167 1685 2217 aquas3

411 2260 602 2314 Pressa
626 2259 718 2313 sed
743 2279 810 2313 ex
834 2259 947 2330 ipsa
971 2259 1179 2312 sudavit
1203 2268 1360 2330 gutta
1385 2260 1628 2323 medulla,

488 2370 665 2438 Quam
689 2378 872 2423 tenero
899 2377 1092 2439 earptae
1114 2368 1240 2422 flore
1267 2369 1456 2423 dedere
1484 2389 1656 2423 eomae.

414 2483 583 2536 Totus
609 2491 664 2536 et
689 2481 899 2545 aestatis,
926 2482 1084 2535 vivax
1110 2490 1290 2535 aestate
1316 2490 1542 2552 peracta,

487 2593 691 2652 Mansit
716 2593 772 2645 in
798 2613 1042 2663 expresso
1069 2613 1183 2646 rore
1210 2603 1472 2664 superstes
1499 2594 1638 2647 odor.

416 2705 470 2758 N
473 2724 532 2759 eo
557 2725 720 2768 secus,
749 2705 1048 2758 abstrusum
1073 2724 1220 2758 mens
1249 2705 1390 2758 elicit
1417 2714 1539 2759 ante
1566 2706 1815 2776 vigorem,

489 2814 699 2870 Gaudia
724 2835 883 2885 quam
908 2825 1126 2886 pereant
1152 2836 1258 2869 non
1284 2817 1531 2879 reditura,
1560 2837 1790 2880 memor3

415 2925 753 2996 Deliciasque
778 2926 964 2980 breves
989 2926 1225 2989 nimium,
1253 2928 1593 2997 fructumque
1619 2928 1890 2990 caducum,

492 3037 678 3105 Qualis
705 3049 833 3100 erat,
862 3038 1023 3092 talem
1049 3038 1262 3108 spiritus
1288 3039 1377 3092 ille
1404 3039 1580 3093 refert.

419 3151 554 3205 Tam
578 3152 705 3205 mihi
731 3153 804 3206 sio
830 3153 1018 3216 animo,
1050 3153 1199 3207 Medi
1226 3173 1343 3228 quae
1367 3154 1518 3208 lit-tus
1544 3155 1862 3217 inumbrant,

493 3264 684 3334 Usque
708 3265 899 3328 nitent,
929 3266 1092 3319 oeulis
1118 3285 1277 3336 quam
1303 3267 1526 3330 nituere,
1554 3286 1696 3320 rosae.

1789 3379 1816 3411 B

1911 435 1968 476 29
