2418 3944
700 428 1099 471 ANTHOLOGIA
1142 429 1518 471 OXONIENSIS.
1871 433 1952 472 301

1040 996 1216 1034 XVIII.

781 1115 877 1177 Qu
902 1119 1044 1175 uetat
1069 1118 1419 1191 &ympathia

1047 1246 1167 1287 Arra.

382 1354 659 1409 ASSUETA
684 1375 932 1410 exercens
957 1376 1071 1410 sero
1097 1357 1194 1410 sub
1220 1377 1436 1428 vespere
1462 1378 1639 1428 pensa,

458 1467 627 1521 Effert
651 1467 878 1521 incultos
906 1468 1043 1521 Afra
1066 1467 1244 1539 puella
1268 1469 1448 1523 modos
1465 1492 1476 1523 ε
1496 1504 1564 1510 —

308 1585 344 1608 “
371 1576 598 1631 Noctem
621 1577 761 1631 inter
784 1577 1025 1642 mediam,
1053 1580 1200 1633 venti
1224 1580 1524 1651 pluviaeque
1552 1584 1756 1637 ruentis

453 1688 602 1742 Dum
626 1698 835 1742 resonat
854 1690 966 1743 ,late
991 1710 1085 1761 per
1110 1710 1323 1745 nemora
1347 1693 1454 1746 alta
1478 1693 1669 1766 fragor,

382 1798 493 1853 En!
519 1817 671 1871 aeger,
702 1798 920 1869 Libycis
947 1819 1122 1853 errans
1146 1801 1282 1855 male
1307 1810 1458 1855 tutus
1484 1804 1669 1867 areniS,

457 1913 667 1984 Hospes
692 1903 982 1984 longinquo
1008 1935 1039 1967 a
1063 1915 1240 1970 littore
1267 1916 1407 1970 solus
1433 1918 1596 1972 adest.

387 2023 607 2078 Nostrae
632 2033 755 2077 ante
775 2024 928 2089 soree,
956 2035 1251 2096 nostraeque
1278 2027 1376 2081 sub
1403 2029 1599 2082 arboris
1625 2029 1827 2095 umbra,

461 2133 662 2188 Stravit
686 2134 741 2186 in
766 2134 985 2188 herboso
1011 2135 1260 2205 languida
1285 2137 1519 2190 membra
1543 2147 1674 2191 toro.

386 2246 556 2301 Nulla
579 2246 657 2301 illi
682 2258 761 2303 est
786 2258 970 2313 mater,
997 2259 1115 2320 post
1140 2251 1295 2304 taedia
1318 2251 1476 2323 longa
1500 2252 1755 2316 laborum,

460 2358 691 2430 Spumea
715 2380 832 2430 quae
857 2360 999 2413 dulei
1024 2362 1210 2431 poeula
1235 2362 1370 2416 laete
1397 2362 1546 2417 ferat.

383 2471 554 2526 Nulla
578 2481 658 2526 est
683 2491 801 2543 quae
826 2483 1053 2544 apponat
1079 2475 1258 2547 fruges
1284 2476 1548 2530 laetissima
1573 2478 1783 2547 conjux,

457 2583 682 2656 FrugeS,
713 2604 843 2654 quas
868 2587 1079 2657 propria
1102 2588 1295 2641 torruit
1320 2588 1432 2658 ipsa
1457 2609 1632 2641 manu.

387 2695 567 2764 Quare
593 2696 750 2768 agite,
779 2717 809 2750 o
836 2692 999 2761 Soeiae,
1027 2707 1266 2752 nostrum
1292 2708 1371 2753 est
1398 2719 1460 2753 ea
1484 2700 1684 2753 solvere
1710 2700 1890 2752 matris

459 2805 662 2870 Officia,
689 2807 851 2877 inque
877 2808 975 2878 piae
1000 2810 1236 2880 conjugis
1264 2829 1374 2863 esse
1400 2810 1527 2863 loeo.

386 2918 521 2990 Ipsae
545 2919 726 2990 inopes
753 2921 1007 2990 quamvis,
1037 2922 1277 2991 quamvis
1302 2922 1490 2975 misera
1514 2922 1688 2974 omnia
1712 2942 1888 2992 passae,

462 3029 546 3082 Ne
571 3038 749 3084 tamen
775 3029 1069 3102 hospitibus
1095 3032 1230 3085 ferre
1257 3050 1538 3103 gravemur
1564 3033 1764 3102 opem.’'
