2418 3944
698 485 1099 528 ANTHOLOGIA
1141 485 1515 529 OXONIENSIS.
1542 523 1545 527 ,

1108 902 1170 939 ΙΙ.

1004 1059 1284 1118 Quamne.

465 1270 604 1325 CUM
629 1271 781 1324 modo
808 1272 1063 1325 Romanis
1089 1273 1271 1345 regina
1297 1273 1604 1326 Britannica
1628 1273 1802 1344 flagris

540 1381 743 1446 Saucia,
771 1383 969 1436 nudato
996 1385 1396 1456 sanguinolenta
1421 1385 1539 1437 sinu
1556 1405 1571 1448 v3

465 1492 749 1564 Indignata
772 1494 921 1547 malis
947 1495 1300 1558 succumbere,
1329 1496 1502 1549 nescia
1526 1496 1681 1559 vinci,

540 1605 680 1659 Cum
704 1606 859 1676 petiit
884 1606 1080 1676 patrios
1106 1607 1474 1676 consuluitque
1501 1607 1624 1660 deos
1644 1627 1658 1670 ;

467 1825 723 1879 Praescius
748 1846 815 1880 en
838 1827 1032 1897 patulae
1059 1847 1283 1897 quercus
1309 1829 1405 1880 sub
1431 1828 1662 1899 tegmine
1689 1829 1819 1882 sedit

538 1938 661 1991 Rex
686 1938 969 2002 Druidum,
997 1939 1151 1992 nivea
1175 1940 1306 1992 colla
1330 1948 1544 2011 tegente
1571 1960 1730 1994 coma.

469 2047 678 2112 Omnia,
707 2068 824 2119 quae
851 2059 998 2103 vates
1024 2071 1238 2104 accenso
1265 2072 1292 2105 e
1319 2062 1530 2122 pectore
1555 2052 1711 2116 fudit,

538 2158 708 2213 Plena
731 2161 905 2232 gravis
930 2161 1120 2224 luctUS,
1148 2161 1305 2231 plena
1329 2161 1519 2216 furoris
1546 2172 1709 2216 erant.

394 2389 428 2413 “
455 2381 506 2437 Ο
532 2383 755 2446 domina,
783 2385 1019 2438 imbelles
1046 2386 1088 2437 si
1114 2394 1264 2438 tanta
1290 2386 1482 2455 injuria
1506 2395 1687 2455 guttas

538 2494 716 2559 Elicit,
746 2504 799 2549 et
826 2506 1042 2566 possunt
1068 2496 1143 2548 nil
1167 2497 1267 2549 nisi
1290 2497 1415 2551 flere
1442 2517 1624 2559 senes3

466 2606 567 2668 Est
593 2607 720 2676 quia
743 2615 968 2661 terrores
994 2608 1166 2661 aufert
1192 2609 1442 2662 violentia
1465 2608 1657 2671 luctus,

459 2794 462 2796 q
538 2716 844 2787 Nostraque
871 2738 977 2788 prae
1002 2719 1162 2772 nimio
1188 2719 1370 2790 lingua
1394 2721 1569 2773 furore
1596 2719 1730 2772 silet.

414 2946 446 2969 ‘⁶
472 2938 645 2992 Roma
668 2939 850 2993 cadet:
892 2941 980 3013 (tu
1006 2941 1169 2994 scribe
1195 2961 1336 2994 meas
1362 2961 1457 3012 age
1485 2942 1735 3013 sanguine
1761 2961 1927 3005 voceS,

545 3048 828 3121 Sanguine,
858 3071 964 3121 quo
990 3062 1193 3106 nostros
1218 3053 1615 3107 commaculavit
1641 3052 1834 3124 agrOS,)

472 3159 577 3231 Spe
603 3161 712 3216 sine
738 3163 999 3217 detestata
1024 3165 1173 3218 cadet
1194 3185 1205 3217 ε
1249 3166 1352 3219 cito
1377 3166 1655 3236 praegravis
1680 3165 1822 3217 illam

541 3271 649 3325 Par
674 3274 853 3327 sceleri
880 3284 1044 3338 tanto,
1072 3276 1240 3339 crede,
1269 3277 1420 3329 ruina
1443 3286 1659 3346 premet.
