2418 3944
321 1047 467 1099 AIN.

320 1266 474 1318 ΑΓΓ.

321 3277 469 3328 ΑΙΝ.

738 447 1133 489 ANTHOLOGIA
1177 445 1551 487 OXONIENSIS.

534 713 614 768 ὅσ’
642 713 781 767 εἶπεν
801 733 812 745 ·
852 715 920 767 ὡς
946 714 988 766 δ’
1014 717 1071 766 ἐκ
1096 713 1253 767 τῶνδε
1277 713 1531 780 δυστήνου
1564 711 1719 780 δέμας

535 822 780 886 ἀπώλετ’,
810 821 964 891 ὦναξ,
992 822 1095 876 οὔτ’
1122 826 1175 876 ἐν
1195 822 1347 892 ἡδονῇ
1371 822 1543 891 λέγειν

536 933 653 1002 ε’μοί
669 953 681 965 ·
708 933 777 987 σὺ
803 933 846 986 δ’
872 935 946 998 οὐ,
976 935 1106 1005 σάφ’
1133 934 1258 998 ἴσθι,
1291 934 1480 1006 Ιιέρποί
1510 933 1575 986 ἂν
1599 932 1785 986 κλύων.

537 1044 721 1116 πρόσω
745 1045 919 1112 λέγοις
943 1044 1005 1098 ἄν
1025 1064 1036 1075 ·
1065 1044 1176 1098 οὔτι
1201 1048 1475 1116 συμφορᾶς
1501 1044 1625 1098 ἄκος

536 1154 596 1209 τὸ
620 1156 693 1224 μὴ
719 1155 986 1209 πυθέσθαι
1010 1156 1167 1209 τῶνδε
1192 1156 1415 1221 τάληθὲς
1433 1155 1566 1226 πέρι.

539 1262 608 1316 σὺ
633 1262 676 1316 δ’
701 1262 790 1315 οὖν
815 1261 1040 1315 ἄκουσον
1060 1282 1071 1293 ·
1097 1266 1278 1334 πρῶτα
1305 1264 1399 1330 μὲν
1423 1265 1565 1335 πυρᾷ
1584 1261 1651 1315 τὸ·
1670 1262 1764 1315 σὸν

537 1375 687 1446 ξίφος
710 1375 976 1438 βαλοῦσα,
1005 1373 1510 1446 πορφυροστρώτους
1536 1374 1579 1426 τ’
1605 1373 1709 1426 ἄνω

539 1486 780 1560 χλαίνας,
809 1488 888 1557 ἐφ’
914 1486 1106 1558 αἷσπερ
1143 1485 1345 1556 συζύὙῳ
1372 1485 1668 1555 κοιμωμένῳ

544 1596 705 1670 φίλον
728 1598 846 1656 ποτ’
870 1597 934 1663 ἣν
959 1617 1046 1649 σοι
1075 1596 1340 1668 Κύπριδος
1365 1595 1555 1667 τέρψιν
1579 1597 1784 1660 λαβεῖν,

536 1707 663 1775 ἔστη
689 1711 863 1777 σιωπῇ
888 1707 1046 1772 βαιόν
1070 1727 1081 1737 ·
1109 1706 1196 1760 εἶτ’
1223 1708 1382 1774 αὐτῆς
1406 1711 1574 1779 πυρᾶς

535 1819 707 1872 πέλας
730 1818 1017 1890 προσέστη,
1044 1822 1143 1885 «γῆν
1168 1839 1223 1870 τε
1250 1817 1497 1889 κου’ρανὸν
1521 1816 1699 1885 λόγοις

536 1932 738 2005 χαίρειν
762 1930 1206 2002 προσεννέπουσα,
1235 1930 1323 1982 καὶ
1348 1929 1542 1983 πόντου
1566 1929 1778 1982 πλάκας

534 2047 835 2110 λεύσσουσ’,
863 2048 943 2118 ἐφ’
969 2046 1136 2118 ὧνπερ
1164 2045 1386 2117 φροῦδον
1410 2045 1472 2111 ἣν
1496 2046 1547 2096 o·⁹
1576 2043 1698 2098 ἰδεῖν
1713 2043 1791 2097 ἔτι

532 2160 746 2226 βεβῶτ’,
775 2157 919 2226 ἔλεξε
945 2161 1048 2211 τῶν
1068 2158 1336 2228 ὑπηρετῶν
1369 2156 1470 2209 τινὶ

535 2272 710 2326 δοῦναι
729 2272 951 2344 φέροντα
977 2270 1199 2338 στυνγνὸν
1223 2270 1530 2341 “Ηφαίστου
1555 2269 1731 2323 σέλας.

537 2381 589 2435 οἱ
610 2382 653 2435 δ’
679 2382 767 2435 οὖν
793 2381 1026 2452 ἔπραξαν
1052 2382 1152 2454 οὐχ
1170 2380 1382 2453 ἑκουσία
1408 2379 1555 2451 φρενὶ

537 2492 728 2566 πικρὰς
746 2493 983 2558 ἀνάσσης
1007 2493 1222 2546 ἐντολάς
1241 2511 1252 2522 ·
1292 2492 1359 2544 τὰ
1384 2492 1426 2544 δ’
1452 2492 1592 2544 ἔνθεν
1617 2492 1686 2545 ὡς

535 2603 774 2681 λυσσῶσ’
802 2603 1037 2676 ἔπραξεν,
1067 2604 1275 2657 εἰκάσαι
1299 2605 1392 2670 μὲν
1417 2601 1542 2666 ἔστ’,
1571 2602 1717 2670 ἄναξ,

533 2715 633 2784 ἐγὼ
659 2715 701 2768 δ’
726 2715 790 2768 ἂν
816 2715 988 2768 οὔπως
1013 2719 1165 2768 τοῦτο
1190 2714 1486 2783 βουλοίμην
1511 2714 1718 2786 φράσαι
1741 2733 1752 2744 ·

535 2828 659 2880 ἀλλ’
684 2828 744 2880 οὐ
768 2827 869 2898 ’γὰρ
897 2825 990 2894 εἶμ’
1019 2829 1069 2879 ἐς
1095 2825 1248 2888 οἶκον,
1278 2825 1532 2894 ἀνγνγείλας
1556 2825 1693 2888 τάδε,

534 2939 658 3012 πρὶν
682 2939 746 2993 ἂν
771 2940 959 3011 φράσω
985 2943 1219 2993 τοσαῦτα
1244 2958 1255 2970 ·
1283 2942 1362 3011 σῷ
1385 2941 1487 3011 (γάρ
1514 2962 1594 2992 τοι
1618 2938 1765 3008 πόθῳ

536 3051 762 3105 ἀπώλετ’
786 3071 797 3083 ·
824 3056 882 3104 οὐ
906 3051 1007 3123 ’γὰρ
1035 3056 1133 3105 σοῦ
1156 3050 1203 3119 «γ’
1232 3051 1296 3105 ἂν
1321 3052 1628 3121 ἠρημωμένη

535 3163 796 3229 βλέπουσ’
823 3164 885 3216 ἂν
909 3163 1201 3236 ἐξηνέσχεθ’
1222 3163 1416 3217 τΗλιόυ
1443 3164 1590 3235 φάος.

535 3276 684 3344 οἴμοι.

1907 448 1992 489 229
