2418 3944
715 402 1107 445 ANTHOLOGIA
1153 401 1527 443 OXONIENSIS.

442 781 511 835 In
535 790 769 836 mentem
793 782 973 835 redeat
999 783 1149 836 fortis
1176 782 1384 835 Alonzo
1409 791 1574 843 tuam,

369 893 632 947 Provocat
657 894 872 948 ultrices
896 895 1106 965 perjura
1131 893 1374 964 superbia
1399 893 1583 955 Divos,

443 1004 668 1060 Assideo
694 1015 873 1077 nuptae
897 1007 1085 1060 flebilis
1111 1007 1296 1059 umbra
1319 1005 1433 1058 tibi.

369 1115 618 1187 Increpat
642 1116 856 1170 infidam
882 1138 999 1171 mea
1024 1138 1143 1181 νοΧ,
1171 1137 1517 1188 sponsamque
1542 1117 1782 1188 reposcit,

442 1228 554 1282 Ibis
580 1215 645 1283 et*
659 1230 724 1283 ad
744 1231 924 1300 nigras
950 1240 1011 1284 tu
1037 1251 1153 1284 mea
1178 1231 1350 1300 praeda
1373 1231 1597 1283 domos?

364 1340 610 1412 ‘Virginis
633 1342 743 1395 haec
767 1342 908 1394 inter
933 1350 1139 1395 teneros
1165 1343 1530 1412 complectitur
1554 1351 1716 1405 artus,
1754 1411 1759 1413 ‚

444 1452 593 1506 Dum
618 1453 848 1524 trepidos
873 1454 1082 1506 ululans
1107 1454 1272 1507 mittit
1298 1454 1364 1507 ad
1389 1463 1529 1508 astra
1553 1474 1719 1508 sonos,

375 1565 540 1620 Terra
565 1566 708 1619 sinus
733 1568 929 1619 umbrae
954 1566 1061 1619 late
1086 1566 1336 1636 patefecit
1362 1567 1526 1630 eunti,

451 1675 591 1731 Cum
618 1676 792 1747 praeda
816 1676 871 1728 in
897 1695 1056 1751 caecos
1083 1677 1341 1748 mergitur
1365 1677 1455 1730 illa
1478 1678 1632 1730 locos.

376 1786 501 1839 Non
524 1786 717 1840 iterum
744 1805 809 1839 ex
834 1786 924 1839 illo
950 1795 1227 1857 conspecta
1252 1796 1331 1839 est
1357 1796 1590 1858 tempore
1616 1790 1781 1861 virgO,

450 1898 504 1951 N
507 1897 791 1952 oniterum
816 1916 844 1949 e
870 1897 1021 1949 terris
1047 1916 1164 1966 quae
1189 1898 1315 1950 tulit
1340 1899 1525 1952 umbra
1549 1918 1735 1954 comes.

378 2011 432 2064 N
435 2030 495 2064 ec
519 2030 679 2073 mora,
707 2009 846 2063 cedit
871 2029 1032 2078 eques
1057 2009 1228 2072 morti,
1256 2029 1552 2079 vacuasque
1578 2030 1672 2081 per
1696 2011 1840 2064 aulas

451 2121 698 2192 Amplius
722 2121 862 2174 haud
885 2140 1092 2191 gressus
1119 2140 1430 2191 personuere
1457 2122 1642 2175 virfim.
1826 2102 1829 2105 Ι

384 2232 597 2288 Scilicet
622 2232 723 2295 hic,
750 2232 931 2302 priscis
957 2231 1111 2285 liceat
1139 2232 1181 2284 si
1207 2233 1416 2285 credere
1443 2233 1606 2296 fastis,

443 2342 692 2396 Arbitrio
717 2362 777 2395 ac
802 2343 992 2394 summi
1017 2362 1142 2396 voce
1168 2352 1348 2397 coacta
1374 2344 1494 2407 Dei,

379 2450 646 2533 Damnata
670 2463 888 2509 aeternas
915 2455 1168 2526 Imogena
1194 2456 1488 2527 expendere
1513 2477 1691 2527 poenas

454 2565 531 2617 Et
556 2549 749 2618 sortem
775 2573 828 2618 et
853 2564 951 2617 fati
969 2565 1092 2634 jura
1118 2585 1297 2618 severa
1321 2567 1478 2619 dolet.

381 2675 456 2728 Et
482 2683 671 2745 quater
693 2675 750 2726 in
774 2675 945 2728 media
969 2675 1262 2728 mirandum
1284 2676 1294 2728 1
1334 2685 1489 2729 nocte
1516 2678 1812 2746 quotanniS‚

457 2786 640 2855 Quum
667 2786 955 2857 Morpheus
980 2787 1249 2840 hominum
1274 2788 1474 2841 lumina
1499 2789 1638 2842 victa
1663 2798 1825 2852 tenet,

383 2898 486 2953 Illa
509 2899 655 2953 venit
679 2899 902 2970 fulgens,
933 2899 1252 2970 Hymenaeas
1278 2901 1496 2954 candida
1520 2910 1707 2964 vesteS,

458 2997 539 3061 Et
561 3008 735 3078 sponsi
761 3019 975 3078 apparet
1001 3010 1182 3062 militis
1207 3012 1394 3064 umbra
1420 3012 1588 3064 simul.

387 3119 488 3174 Ille
514 3121 705 3173 iterum
733 3130 993 3192 arreptam
1019 3123 1295 3193 complexu
1321 3133 1537 3193 torquet
1563 3126 1721 3187 inani,

461 3229 563 3282 Illa
587 3250 748 3284 novos
774 3231 982 3284 ululans
1008 3232 1174 3284 mittit
1201 3233 1265 3285 ad
1290 3243 1429 3286 astra
1455 3254 1620 3286 sonos.

315 678 351 703 “
368 669 458 728 En
483 690 581 742 ego
602 670 614 725 1
641 689 795 725 cerne
821 672 1011 734 meOS,'’
1037 671 1243 734 clamat,
1274 670 1459 723 “male
1485 669 1698 740 perfida,
1727 668 1923 731 vultus,‚
