2418 3944
745 459 1141 501 ANTHOLOGIA
1184 458 1554 500 OXONIENSIS.

1058 743 1177 779 LIX.

442 986 492 1041 O
519 1001 700 1038 MARIS
727 985 865 1039 Ionii
890 986 1083 1039 crebris
1107 986 1244 1039 freta
1268 986 1465 1039 consita
1489 986 1640 1039 terris
1662 986 1672 1039 1

515 1078 638 1146 Qua
662 1078 911 1131 citharam
943 1079 1182 1149 Sapphus
1207 1079 1370 1132 movit
1396 1076 1608 1148 iniquus
1634 1099 1776 1132 amor
1795 1099 1809 1142 ς

442 1171 567 1240 Qua
591 1172 806 1243 viguere
832 1180 969 1225 artes
995 1172 1119 1224 olim
1143 1172 1375 1240 bellique
1402 1181 1659 1242 togaeque,

511 1265 675 1319 Delos
699 1266 792 1318 ubi
817 1275 998 1318 exorta
1024 1275 1102 1319 est
1128 1266 1481 1334 Deliacusque
1508 1266 1671 1318 Deus,

440 1358 552 1412 Vos
578 1367 772 1412 aeterna
796 1368 960 1423 aestaS‚
989 1379 1081 1412 vos
1112 1358 1202 1413 Sol
1228 1368 1453 1412 aeternus
1477 1359 1712 1421 inaurat3

513 1451 709 1503 Nullus
733 1451 897 1504 honor
922 1451 1068 1504 vobis
1087 1452 1213 1521 jam,
1242 1451 1342 1503 nisi
1372 1451 1521 1515 Solis,
1550 1451 1709 1504 adest.

445 1600 753 1671 Despiciunt
779 1610 982 1654 montes
1007 1620 1248 1671 campum
1276 1600 1618 1664 MarathoniS‚
1647 1609 1701 1654 et
1725 1600 1891 1653 undas

513 1693 775 1748 Caeruleas
803 1694 1084 1747 Marathon
1110 1693 1326 1763 despicit
1351 1693 1460 1763 ipse
1485 1693 1670 1754 maris3

442 1786 627 1856 Atque
653 1786 726 1840 ibi
751 1786 877 1838 dum
903 1805 1120 1839 vacuam
1145 1786 1432 1839 meditabar
1457 1786 1591 1838 forte
1617 1804 1711 1855 per
1735 1785 1931 1848 horam,

512 1880 717 1935 Graecia
741 1881 827 1934 vel
851 1900 1030 1933 rursus
1053 1880 1217 1933 libera
1240 1880 1351 1932 visa
1375 1879 1502 1930 mihi
1528 1887 1636 1942 est3

444 1972 655 2027 Scilicet
680 1972 822 2025 haud
846 1972 995 2043 potui
1020 1971 1239 2025 tumulis
1262 1971 1500 2024 insistere
1528 1970 1768 2034 Medum,

511 2067 587 2119 Et
611 2086 695 2120 me
721 2066 918 2119 servitii
944 2066 1152 2119 credere
1179 2065 1315 2118 ferre
1333 2066 1540 2136 jugum.

440 2215 584 2270 Olim
607 2216 663 2268 in
688 2215 939 2286 praecipiti
963 2215 1154 2268 montis
1179 2214 1302 2267 Rex
1326 2234 1457 2284 rupe
1484 2213 1711 2276 sedebat,

514 2308 672 2362 Unde
698 2309 880 2379 procul
911 2307 1127 2362 Salamis
1154 2307 1385 2360 cernitur
1411 2315 1524 2359 orta
1548 2306 1678 2357 mari
1697 2326 1711 2368 3

439 2402 614 2454 Millia
637 2403 805 2455 multa
828 2403 1002 2455 ratum
1026 2402 1211 2472 pelago
1237 2400 1491 2470 despexit,
1521 2408 1574 2452 et
1599 2399 1737 2452 inter

515 2493 668 2548 Solus
692 2503 773 2547 tot
797 2502 981 2565 gentes
1007 2493 1202 2546 arbiter
1226 2493 1335 2562 ipse
1361 2491 1491 2544 fuit:

443 2585 563 2641 Sole
589 2586 788 2639 oriente
814 2605 931 2638 suas
956 2593 1322 2637 numeraverat
1348 2583 1436 2636 ille
1462 2583 1744 2654 phalanges
1764 2615 1835 2621 -—

513 2677 660 2745 Quid
683 2678 947 2747 reliquum
974 2697 1039 2730 ex
1066 2676 1183 2739 illis,
1214 2677 1319 2729 sole
1346 2676 1579 2739 cadente,
1606 2675 1747 2728 fuit?

442 2826 491 2882 O
517 2827 758 2880 ubi-sunt
783 2827 902 2880 illi?
941 2836 1032 2880 aut
1058 2827 1150 2879 ubi
1175 2836 1237 2880 tu
1262 2846 1379 2879 mea
1402 2826 1585 2897 patria,
1615 2835 1668 2879 et.
1694 2826 1877 2897 ingens

517 2919 741 2973 Gloria?
804 2919 843 2973 J
848 2939 931 2971 am
956 2919 1063 2972 late
1090 2919 1268 2972 littora
1293 2928 1441 2971 muta
1461 2918 1616 2971 silent
1637 2939 1648 2970 :

443 3011 791 3081 Heroumque
821 3012 976 3064 simul
1002 3032 1261 3076 numerOS,
1292 3021 1345 3066 et
1370 3021 1583 3082 pectora
1608 3012 1872 3081 quondam

514 3104 736 3158 Conscia
760 3105 987 3169 virtutis,
1008 3107 1119 3175 jam
1144 3115 1292 3159 tenet
1319 3106 1425 3158 alta
1450 3105 1599 3174 quies
1620 3105 1631 3158 1

442 3196 563 3249 Hoc
588 3216 801 3265 quoque
826 3196 936 3250 fata
952 3197 1161 3266 jubent,
1189 3198 1398 3250 citharae
1424 3217 1567 3250 sacra
1589 3197 1694 3259 fila,
1722 3196 1918 3265 diuque

512 3289 682 3343 Plena
706 3290 840 3354 Deo,
868 3290 923 3342 in
949 3299 1150 3343 nostras
1175 3290 1513 3362 degenerasse
1539 3291 1764 3341 manus?

1742 3379 1775 3412 J.
1795 3380 1895 3413 G..L.
