2418 3944
655 373 1052 416 ANTHOLOGIA
1095 372 1472 415 OXONIENSIS.
1825 371 1911 415 289

1027 766 1109 802 VI.

551 880 648 942 &a
687 880 863 938 omnia
901 880 1111 951 bergam
1150 880 1215 935 ah
1253 876 1550 936 {interitum

999 1013 1123 1051 Arra.

308 1122 594 1176 ARENTES
619 1123 759 1176 inter
784 1141 992 1192 campos
1019 1130 1073 1174 et
1098 1121 1362 1192 inhospita
1387 1141 1528 1184 saxa,

381 1235 506 1304 Qua
529 1237 687 1288 rubet
713 1242 909 1287 aeterno
934 1230 1134 1286 torrida
1159 1232 1266 1285 sole
1292 1232 1418 1296 dies,

308 1345 543 1401 Centum
569 1344 709 1407 olim,
737 1352 799 1396 ut
824 1342 1121 1414 perhibent,
1150 1361 1267 1406 arae,
1296 1350 1351 1395 et
1376 1342 1632 1395 ditissima
1656 1341 1806 1396 donis

384 1455 686 1527 Surgebant
713 1454 921 1525 Libyco
947 1454 1145 1524 templa
1170 1453 1342 1506 dicata
1366 1451 1407 1507 J
1411 1452 1496 1506 ovi
1516 1472 1530 1516 3

307 1565 558 1619 Flumina
581 1564 676 1618 ubi
700 1564 1063 1635 zephyrosque
1091 1572 1145 1616 et
1171 1563 1311 1634 ripas
1335 1572 1493 1617 nacta
1518 1564 1753 1617 salubres

379 1678 658 1750 Explicuit
683 1678 891 1748 patulas
917 1677 1147 1748 plurima
1171 1678 1346 1748 palma
1372 1697 1558 1730 comas.

313 1791 447 1846 Haec
472 1792 610 1845 Pisae
636 1791 857 1845 delubra
883 1810 988 1852 suae
1017 1788 1326 1843 Maurusius
1355 1789 1590 1843 Ammon

385 1903 615 1967 Dicitur,
645 1911 699 1956 et
728 1902 938 1957 Croniis
964 1902 1306 1972 praeposuisse
1325 1902 1486 1974 jugis,

313 1999 459 2087 Ergo
487 2023 540 2068 et
567 2014 846 2067 Dodonam
870 2013 1135 2083 linquens,
1166 2014 1449 2084 sylvasque
1477 2013 1782 2085 Pelasgum,

386 2126 462 2179 Et
486 2125 601 2179 loca
628 2123 854 2179 Chaonii
880 2143 997 2193 quae
1023 2124 1230 2178 coluere
1257 2143 1423 2188 seneS,

315 2237 419 2290 His
445 2237 618 2308 adytis
642 2255 888 2307 responsa
912 2237 1100 2298 dabat3
1142 2256 1235 2290 seu
1260 2236 1406 2308 regia
1435 2236 1611 2291 Sardis

388 2348 671 2401 Persarum
697 2367 903 2401 eversas
930 2348 1235 2401 sollicitaret
1262 2368 1402 2418 opeS,

318 2459 442 2516 Sive
468 2460 562 2514 ubi
585 2460 937 2532 longinquum
967 2459 1191 2512 Macedo
1216 2459 1482 2529 petiturus
1515 2458 1806 2529 Hydaspen

391 2547 668 2639 Quaereret
694 2572 864 2643 ignoti
891 2572 1106 2642 praescia
1132 2571 1254 2623 fana
1278 2571 1455 2641 patris,

318 2683 451 2737 Haec
474 2684 600 2738 olim
625 2684 856 2738 fuerint:
899 2704 1040 2738 nunc
1066 2693 1190 2737 sunt
1216 2684 1326 2736 sine
1353 2683 1563 2736 nomine
1589 2691 1758 2744 terrae,

389 2794 514 2862 Qua
537 2795 792 2865 pecudem
816 2795 872 2847 in
898 2796 1020 2848 solis
1045 2796 1264 2866 rupibus
1295 2795 1428 2848 Afer
1453 2795 1563 2866 agit
1583 2815 1596 2857 ;

321 2903 436 2957 Aut
460 2924 626 2957 vacua
652 2905 930 2976 explorans
955 2906 1153 2959 frustra
1178 2906 1385 2959 deserta
1410 2905 1580 2958 viator

390 3016 594 3070 Devius
618 3017 819 3071 incerto
845 3019 1057 3073 tramite
1084 3020 1276 3072 lustrat
1302 3019 1418 3071 iter.

325 3126 491 3179 Nulla
515 3127 644 3180 adeo
669 3147 824 3181 sacrae
851 3129 985 3183 sedis
1010 3138 1352 3183 monumenta
1377 3136 1673 3198 supersunt,

404 3238 520 3291 Nec
545 3238 676 3308 lapis
703 3240 1002 3311 ambiguam
1029 3240 1122 3309 qui
1147 3249 1297 3293 notet
1322 3259 1460 3292 unus
1485 3239 1734 3291 humum:

1730 3491 1754 3517 U
