<?xml version="1.0" encoding="UTF-8"?>
<!DOCTYPE html PUBLIC "-//W3C//DTD XHTML 1.0 Transitional//EN"
    "http://www.w3.org/TR/xhtml1/DTD/xhtml1-transitional.dtd">
<html xmlns="http://www.w3.org/1999/xhtml" xml:lang="en" lang="en">
 <head>
  <title>
</title>
<meta http-equiv="Content-Type" content="text/html;charset=utf-8" />
  <meta name='ocr-system' content='tesseract 3.04.00' />
  <meta name='ocr-capabilities' content='ocr_page ocr_carea ocr_par ocr_line ocrx_word'/>
</head>
<body>
  <div class='ocr_page' id='page_1' title='image "./anthologiaoxonie00linwuoft_0252.png"; bbox 0 0 2418 3944; ppageno 0'>
   <div class='ocr_carea' id='block_1_1' title="bbox 358 332 364 922">
    <p class='ocr_par' dir='ltr' id='par_1_1' title="bbox 358 332 364 922">
     <span class='ocr_line' id='line_1_1' title="bbox 358 332 364 922; baseline 0 0"><span class='ocrx_word' id='word_1_1' title='bbox 358 332 364 922; x_wconf 95' lang='lat' dir='ltr'> </span> 
     </span>
    </p>
   </div>
   <div class='ocr_carea' id='block_1_2' title="bbox 444 428 530 470">
    <p class='ocr_par' dir='ltr' id='par_1_2' title="bbox 444 428 530 470">
     <span class='ocr_line' id='line_1_2' title="bbox 444 428 530 470; baseline 0.023 -2"><span class='ocrx_word' id='word_1_2' title='bbox 444 428 530 470; x_wconf 77' lang='lat'>226</span> 
     </span>
    </p>
   </div>
   <div class='ocr_carea' id='block_1_3' title="bbox 891 429 1695 472">
    <p class='ocr_par' dir='ltr' id='par_1_3' title="bbox 891 429 1695 472">
     <span class='ocr_line' id='line_1_3' title="bbox 891 429 1695 472; baseline 0.002 -3"><span class='ocrx_word' id='word_1_3' title='bbox 891 429 1282 472; x_wconf 86' lang='lat' dir='ltr'><strong>ANTHOLOGIA</strong></span> <span class='ocrx_word' id='word_1_4' title='bbox 1326 430 1695 471; x_wconf 84' lang='lat' dir='ltr'>OXONIENSIS.</span> 
     </span>
    </p>
   </div>
   <div class='ocr_carea' id='block_1_4' title="bbox 1164 735 1382 772">
    <p class='ocr_par' dir='ltr' id='par_1_4' title="bbox 1164 735 1382 772">
     <span class='ocr_line' id='line_1_4' title="bbox 1164 735 1382 772; baseline 0 0"><span class='ocrx_word' id='word_1_5' title='bbox 1164 735 1382 772; x_wconf 80' lang='lat' dir='ltr'><strong>XXVIII.</strong></span> 
     </span>
    </p>
   </div>
   <div class='ocr_carea' id='block_1_5' title="bbox 1009 846 1575 914">
    <p class='ocr_par' dir='ltr' id='par_1_5' title="bbox 1009 846 1575 914">
     <span class='ocr_line' id='line_1_5' title="bbox 1009 846 1575 914; baseline -0.005 -6"><span class='ocrx_word' id='word_1_6' title='bbox 1009 846 1173 914; x_wconf 68' lang='lat' dir='ltr'>Nihil</span> <span class='ocrx_word' id='word_1_7' title='bbox 1201 847 1260 905; x_wconf 74' lang='lat' dir='ltr'>fit</span> <span class='ocrx_word' id='word_1_8' title='bbox 1287 862 1338 904; x_wconf 75' lang='lat' dir='ltr'>ex</span> <span class='ocrx_word' id='word_1_9' title='bbox 1362 846 1575 913; x_wconf 72' lang='lat' dir='ltr'><strong>Nihilo.</strong></span> 
     </span>
    </p>
   </div>
   <div class='ocr_carea' id='block_1_6' title="bbox 533 1010 2041 1839">
    <p class='ocr_par' dir='ltr' id='par_1_6' title="bbox 536 1010 1905 1193">
     <span class='ocr_line' id='line_1_6' title="bbox 536 1010 1905 1083; baseline -0.001 -17"><span class='ocrx_word' id='word_1_10' title='bbox 536 1013 682 1066; x_wconf 88' lang='lat' dir='ltr'>DUM</span> <span class='ocrx_word' id='word_1_11' title='bbox 708 1032 842 1083; x_wconf 81' lang='lat' dir='ltr'>saepe</span> <span class='ocrx_word' id='word_1_12' title='bbox 867 1012 1033 1066; x_wconf 79' lang='lat' dir='ltr'>invita</span> <span class='ocrx_word' id='word_1_13' title='bbox 1058 1012 1136 1065; x_wconf 83' lang='lat' dir='ltr'>vis</span> <span class='ocrx_word' id='word_1_14' title='bbox 1162 1011 1401 1075; x_wconf 82' lang='lat' dir='ltr'>scribere,</span> <span class='ocrx_word' id='word_1_15' title='bbox 1434 1010 1612 1073; x_wconf 80' lang='lat' dir='ltr'>Cotta,</span> <span class='ocrx_word' id='word_1_16' title='bbox 1643 1012 1905 1075; x_wconf 84' lang='lat' dir='ltr'>Minerva,</span> 
     </span>
     <span class='ocr_line' id='line_1_7' title="bbox 605 1124 1635 1193; baseline -0.003 -15"><span class='ocrx_word' id='word_1_17' title='bbox 605 1124 647 1178; x_wconf 82' lang='lat' dir='ltr'><strong>J</strong></span> <span class='ocrx_word' id='word_1_18' title='bbox 649 1124 819 1178; x_wconf 81' lang='lat' dir='ltr'>udicio</span> <span class='ocrx_word' id='word_1_19' title='bbox 845 1124 1095 1178; x_wconf 82' lang='lat' dir='ltr'><strong>comitum</strong></span> <span class='ocrx_word' id='word_1_20' title='bbox 1122 1143 1314 1186; x_wconf 82' lang='lat' dir='ltr'><strong>scurra,</strong></span> <span class='ocrx_word' id='word_1_21' title='bbox 1343 1132 1500 1193; x_wconf 86' lang='lat' dir='ltr'>poeta</span> <span class='ocrx_word' id='word_1_22' title='bbox 1525 1132 1635 1186; x_wconf 80' lang='lat' dir='ltr'>tue,</span> 
     </span>
    </p>

    <p class='ocr_par' dir='ltr' id='par_1_7' title="bbox 533 1235 1996 1414">
     <span class='ocr_line' id='line_1_8' title="bbox 533 1235 1996 1305; baseline 0 -17"><span class='ocrx_word' id='word_1_23' title='bbox 533 1236 703 1289; x_wconf 85' lang='lat' dir='ltr'>Frons</span> <span class='ocrx_word' id='word_1_24' title='bbox 730 1245 808 1289; x_wconf 81' lang='lat' dir='ltr'>est</span> <span class='ocrx_word' id='word_1_25' title='bbox 835 1235 924 1288; x_wconf 82' lang='lat' dir='ltr'>illa</span> <span class='ocrx_word' id='word_1_26' title='bbox 951 1235 1164 1304; x_wconf 81' lang='lat' dir='ltr'>quidem</span> <span class='ocrx_word' id='word_1_27' title='bbox 1189 1235 1358 1288; x_wconf 84' lang='lat' dir='ltr'>multa</span> <span class='ocrx_word' id='word_1_28' title='bbox 1383 1244 1437 1289; x_wconf 82' lang='lat' dir='ltr'>et</span> <span class='ocrx_word' id='word_1_29' title='bbox 1462 1236 1707 1305; x_wconf 83' lang='lat' dir='ltr'>praeelara</span> <span class='ocrx_word' id='word_1_30' title='bbox 1731 1236 1996 1296; x_wconf 80' lang='lat' dir='ltr'>minantiS,</span> 
     </span>
     <span class='ocr_line' id='line_1_9' title="bbox 607 1343 1809 1414; baseline 0.001 -18"><span class='ocrx_word' id='word_1_31' title='bbox 607 1344 992 1412; x_wconf 80' lang='lat' dir='ltr'>Intonsumque</span> <span class='ocrx_word' id='word_1_32' title='bbox 1019 1351 1202 1414; x_wconf 81' lang='lat' dir='ltr'>patent</span> <span class='ocrx_word' id='word_1_33' title='bbox 1229 1343 1362 1396; x_wconf 81' lang='lat' dir='ltr'>eolla,</span> <span class='ocrx_word' id='word_1_34' title='bbox 1386 1343 1591 1396; x_wconf 87' lang='lat' dir='ltr'>imitata</span> <span class='ocrx_word' id='word_1_35' title='bbox 1616 1344 1809 1397; x_wconf 90' lang='lat' dir='ltr'>Deum.</span> 
     </span>
    </p>

    <p class='ocr_par' dir='ltr' id='par_1_8' title="bbox 535 1455 1959 1630">
     <span class='ocr_line' id='line_1_10' title="bbox 535 1455 1959 1530; baseline 0.001 -23"><span class='ocrx_word' id='word_1_36' title='bbox 535 1455 744 1530; x_wconf 69' lang='lat' dir='ltr'>Rodere</span> <span class='ocrx_word' id='word_1_37' title='bbox 772 1474 869 1507; x_wconf 83' lang='lat' dir='ltr'>nee</span> <span class='ocrx_word' id='word_1_38' title='bbox 895 1455 1019 1508; x_wconf 78' lang='lat' dir='ltr'>satis</span> <span class='ocrx_word' id='word_1_39' title='bbox 1045 1464 1124 1508; x_wconf 81' lang='lat' dir='ltr'>est</span> <span class='ocrx_word' id='word_1_40' title='bbox 1150 1474 1372 1525; x_wconf 77' lang='lat' dir='ltr'>ungueS,</span> <span class='ocrx_word' id='word_1_41' title='bbox 1402 1463 1495 1507; x_wconf 82' lang='lat' dir='ltr'>aut</span> <span class='ocrx_word' id='word_1_42' title='bbox 1514 1455 1706 1508; x_wconf 89' lang='lat' dir='ltr'>vellere</span> <span class='ocrx_word' id='word_1_43' title='bbox 1726 1455 1959 1516; x_wconf 81' lang='lat' dir='ltr'><strong>barbam,</strong></span> 
     </span>
     <span class='ocr_line' id='line_1_11' title="bbox 612 1566 1731 1630; baseline -0.001 -10"><span class='ocrx_word' id='word_1_44' title='bbox 612 1567 878 1620; x_wconf 82' lang='lat' dir='ltr'>Scriniave</span> <span class='ocrx_word' id='word_1_45' title='bbox 906 1567 1107 1620; x_wconf 85' lang='lat' dir='ltr'>alterna</span> <span class='ocrx_word' id='word_1_46' title='bbox 1131 1566 1354 1620; x_wconf 85' lang='lat' dir='ltr'>tundere</span> <span class='ocrx_word' id='word_1_47' title='bbox 1381 1567 1513 1619; x_wconf 84' lang='lat' dir='ltr'>dura</span> <span class='ocrx_word' id='word_1_48' title='bbox 1537 1587 1696 1619; x_wconf 86' lang='lat' dir='ltr'>manu</span> <span class='ocrx_word' id='word_1_49' title='bbox 1718 1587 1731 1630; x_wconf 85' lang='lat'><em>3</em></span> 
     </span>
    </p>

    <p class='ocr_par' dir='ltr' id='par_1_9' title="bbox 535 1676 2041 1746">
     <span class='ocr_line' id='line_1_12' title="bbox 535 1676 2041 1746; baseline 0.002 -18"><span class='ocrx_word' id='word_1_50' title='bbox 535 1676 680 1743; x_wconf 80' lang='lat' dir='ltr'>Quin</span> <span class='ocrx_word' id='word_1_51' title='bbox 725 1676 972 1730; x_wconf 84' lang='lat' dir='ltr'>miserum</span> <span class='ocrx_word' id='word_1_52' title='bbox 1010 1676 1184 1746; x_wconf 80' lang='lat' dir='ltr'>pulsas</span> <span class='ocrx_word' id='word_1_53' title='bbox 1228 1676 1526 1746; x_wconf 82' lang='lat' dir='ltr'><strong>iterumque</strong></span> <span class='ocrx_word' id='word_1_54' title='bbox 1560 1677 1858 1745; x_wconf 81' lang='lat' dir='ltr'>iterumque</span> <span class='ocrx_word' id='word_1_55' title='bbox 1899 1696 2041 1731; x_wconf 83' lang='lat' dir='ltr'>cere-</span> 
     </span>
    </p>

    <p class='ocr_par' dir='ltr' id='par_1_10' title="bbox 749 1787 977 1839">
     <span class='ocr_line' id='line_1_13' title="bbox 749 1787 977 1839; baseline -0.004 0"><span class='ocrx_word' id='word_1_56' title='bbox 749 1787 977 1839; x_wconf 86' lang='lat' dir='ltr'><strong>brum—</strong></span> 
     </span>
    </p>
   </div>
   <div class='ocr_carea' id='block_1_7' title="bbox 605 1897 2023 2040">
    <p class='ocr_par' dir='ltr' id='par_1_11' title="bbox 605 1897 2023 2040">
     <span class='ocr_line' id='line_1_14' title="bbox 605 1897 1911 1967; baseline 0 -17"><span class='ocrx_word' id='word_1_57' title='bbox 605 1898 697 1950; x_wconf 90' lang='lat' dir='ltr'>Nil</span> <span class='ocrx_word' id='word_1_58' title='bbox 724 1897 927 1967; x_wconf 79' lang='lat' dir='ltr'>pulsare</span> <span class='ocrx_word' id='word_1_59' title='bbox 954 1898 1110 1961; x_wconf 85' lang='lat' dir='ltr'>valet,</span> <span class='ocrx_word' id='word_1_60' title='bbox 1143 1897 1320 1958; x_wconf 79' lang='lat' dir='ltr'>Cotta,</span> <span class='ocrx_word' id='word_1_61' title='bbox 1349 1898 1438 1950; x_wconf 84' lang='lat' dir='ltr'>ubi</span> <span class='ocrx_word' id='word_1_62' title='bbox 1466 1918 1620 1950; x_wconf 88' lang='lat' dir='ltr'>nemo</span> <span class='ocrx_word' id='word_1_63' title='bbox 1647 1897 1789 1950; x_wconf 86' lang='lat' dir='ltr'>domi</span> <span class='ocrx_word' id='word_1_64' title='bbox 1817 1906 1911 1951; x_wconf 82' lang='lat' dir='ltr'>est.</span> 
     </span>
     <span class='ocr_line' id='line_1_15' title="bbox 1905 2008 2023 2040; baseline 0 0"><span class='ocrx_word' id='word_1_65' title='bbox 1905 2008 1945 2040; x_wconf 81' lang='lat' dir='ltr'>e.</span> <span class='ocrx_word' id='word_1_66' title='bbox 1964 2008 2023 2040; x_wconf 81' lang='lat' dir='ltr'>W.</span> 
     </span>
    </p>
   </div>
   <div class='ocr_carea' id='block_1_8' title="bbox 1191 2384 1358 2420">
    <p class='ocr_par' dir='ltr' id='par_1_12' title="bbox 1191 2384 1358 2420">
     <span class='ocr_line' id='line_1_16' title="bbox 1191 2384 1358 2420; baseline 0.006 -1"><span class='ocrx_word' id='word_1_67' title='bbox 1191 2384 1358 2420; x_wconf 88' lang='lat' dir='ltr'>XXIX..</span> 
     </span>
    </p>
   </div>
   <div class='ocr_carea' id='block_1_9' title="bbox 1059 2489 1523 2562">
    <p class='ocr_par' dir='ltr' id='par_1_13' title="bbox 1059 2489 1523 2562">
     <span class='ocr_line' id='line_1_17' title="bbox 1059 2489 1523 2562; baseline -0.009 -14"><span class='ocrx_word' id='word_1_68' title='bbox 1059 2490 1306 2562; x_wconf 55' lang='lat' dir='ltr'>{mptoha</span> <span class='ocrx_word' id='word_1_69' title='bbox 1335 2489 1523 2557; x_wconf 53' lang='grc' dir='ltr'>ὦίτειι.</span> 
     </span>
    </p>
   </div>
   <div class='ocr_carea' id='block_1_10' title="bbox 599 2640 1993 3095">
    <p class='ocr_par' dir='ltr' id='par_1_14' title="bbox 599 2640 1993 3095">
     <span class='ocr_line' id='line_1_18' title="bbox 738 2640 1219 2693; baseline 0 -11"><span class='ocrx_word' id='word_1_70' title='bbox 738 2640 869 2682; x_wconf 85' lang='grc' dir='ltr'>Ἔνθα</span> <span class='ocrx_word' id='word_1_71' title='bbox 893 2641 1008 2682; x_wconf 81' lang='grc' dir='ltr'>στᾶσ’</span> <span class='ocrx_word' id='word_1_72' title='bbox 1029 2645 1125 2693; x_wconf 81' lang='grc' dir='ltr'>ἤϋσε</span> <span class='ocrx_word' id='word_1_73' title='bbox 1149 2644 1219 2682; x_wconf 77' lang='grc' dir='ltr'>θεὰ</span> 
     </span>
     <span class='ocr_line' id='line_1_19' title="bbox 747 2713 1765 2768; baseline 0.001 -15"><span class='ocrx_word' id='word_1_74' title='bbox 747 2714 936 2767; x_wconf 75' lang='grc' dir='ltr'>Στέντορι</span> <span class='ocrx_word' id='word_1_75' title='bbox 957 2713 1146 2767; x_wconf 82' lang='grc' dir='ltr'>εἰσαμένη</span> <span class='ocrx_word' id='word_1_76' title='bbox 1223 2745 1233 2754; x_wconf 93' lang='grc'><strong>.</strong></span> <span class='ocrx_word' id='word_1_77' title='bbox 1315 2745 1326 2754; x_wconf 91' lang='grc'><strong>.</strong></span> <span class='ocrx_word' id='word_1_78' title='bbox 1408 2745 1417 2755; x_wconf 92' lang='grc'><em>.</em></span> <span class='ocrx_word' id='word_1_79' title='bbox 1480 2716 1765 2768; x_wconf 75' lang='grc' dir='ltr'>χαλκεοφώνῳ,</span> 
     </span>
     <span class='ocr_line' id='line_1_20' title="bbox 744 2784 1747 2838; baseline 0.001 -12"><span class='ocrx_word' id='word_1_80' title='bbox 744 2785 791 2832; x_wconf 85' lang='grc' dir='ltr'>ὂς</span> <span class='ocrx_word' id='word_1_81' title='bbox 813 2786 936 2826; x_wconf 84' lang='grc' dir='ltr'>τόσον</span> <span class='ocrx_word' id='word_1_82' title='bbox 957 2784 1186 2838; x_wconf 75' lang='grc' dir='ltr'>αὐδήσασχ’</span> <span class='ocrx_word' id='word_1_83' title='bbox 1208 2785 1306 2826; x_wconf 83' lang='grc' dir='ltr'>ὅσον</span> <span class='ocrx_word' id='word_1_84' title='bbox 1329 2787 1447 2826; x_wconf 82' lang='grc' dir='ltr'>ἄλλοι</span> <span class='ocrx_word' id='word_1_85' title='bbox 1473 2786 1747 2834; x_wconf 78' lang='grc' dir='ltr'>πεντήκοντα.</span> 
     </span>
     <span class='ocr_line' id='line_1_21' title="bbox 599 2915 1993 2987; baseline 0.002 -19"><span class='ocrx_word' id='word_1_86' title='bbox 599 2916 884 2969; x_wconf 83' lang='lat' dir='ltr'>FALLOR‘?</span> <span class='ocrx_word' id='word_1_87' title='bbox 922 2936 989 2968; x_wconf 82' lang='lat' dir='ltr'>an</span> <span class='ocrx_word' id='word_1_88' title='bbox 1014 2915 1068 2967; x_wconf 88' lang='lat' dir='ltr'>in</span> <span class='ocrx_word' id='word_1_89' title='bbox 1094 2916 1246 2969; x_wconf 81' lang='lat' dir='ltr'>terris</span> <span class='ocrx_word' id='word_1_90' title='bbox 1271 2916 1370 2969; x_wconf 84' lang='lat' dir='ltr'>dea</span> <span class='ocrx_word' id='word_1_91' title='bbox 1394 2916 1472 2968; x_wconf 81' lang='lat' dir='ltr'>vis</span> <span class='ocrx_word' id='word_1_92' title='bbox 1497 2917 1654 2987; x_wconf 84' lang='lat' dir='ltr'>pedes</span> <span class='ocrx_word' id='word_1_93' title='bbox 1679 2918 1754 2970; x_wconf 85' lang='lat' dir='ltr'>ire</span> <span class='ocrx_word' id='word_1_94' title='bbox 1779 2917 1993 2982; x_wconf 84' lang='lat' dir='ltr'><strong>marina,</strong></span> 
     </span>
     <span class='ocr_line' id='line_1_22' title="bbox 676 3025 1960 3095; baseline 0.001 -16"><span class='ocrx_word' id='word_1_95' title='bbox 676 3025 938 3094; x_wconf 84' lang='lat' dir='ltr'>Squamea</span> <span class='ocrx_word' id='word_1_96' title='bbox 963 3025 1047 3078; x_wconf 85' lang='lat' dir='ltr'>cui</span> <span class='ocrx_word' id='word_1_97' title='bbox 1074 3025 1234 3095; x_wconf 79' lang='lat' dir='ltr'>spisso</span> <span class='ocrx_word' id='word_1_98' title='bbox 1259 3045 1408 3078; x_wconf 83' lang='lat' dir='ltr'>merx</span> <span class='ocrx_word' id='word_1_99' title='bbox 1434 3035 1540 3078; x_wconf 77' lang='lat' dir='ltr'><strong>stat</strong></span> <span class='ocrx_word' id='word_1_100' title='bbox 1567 3026 1786 3079; x_wconf 86' lang='lat' dir='ltr'>emenda</span> <span class='ocrx_word' id='word_1_101' title='bbox 1809 3026 1960 3081; x_wconf 82' lang='lat' dir='ltr'>foro?</span> 
     </span>
    </p>
   </div>
   <div class='ocr_carea' id='block_1_11' title="bbox 599 3134 1958 3200">
    <p class='ocr_par' dir='ltr' id='par_1_15' title="bbox 599 3134 1958 3200">
     <span class='ocr_line' id='line_1_23' title="bbox 599 3134 1958 3200; baseline 0.001 -13"><span class='ocrx_word' id='word_1_102' title='bbox 599 3135 737 3188; x_wconf 85' lang='lat' dir='ltr'>Nam</span> <span class='ocrx_word' id='word_1_103' title='bbox 762 3135 860 3187; x_wconf 83' lang='lat' dir='ltr'><strong>tibi</strong></span> <span class='ocrx_word' id='word_1_104' title='bbox 886 3154 987 3187; x_wconf 88' lang='lat' dir='ltr'>vox</span> <span class='ocrx_word' id='word_1_105' title='bbox 1014 3134 1232 3187; x_wconf 79' lang='lat' dir='ltr'>conchas</span> <span class='ocrx_word' id='word_1_106' title='bbox 1260 3143 1313 3187; x_wconf 83' lang='lat' dir='ltr'>et</span> <span class='ocrx_word' id='word_1_107' title='bbox 1339 3154 1496 3187; x_wconf 79' lang='lat' dir='ltr'>rauca</span> <span class='ocrx_word' id='word_1_108' title='bbox 1519 3136 1754 3188; x_wconf 83' lang='lat' dir='ltr'>tonitrua</span> <span class='ocrx_word' id='word_1_109' title='bbox 1780 3136 1958 3200; x_wconf 81' lang='lat' dir='ltr'>vineit,</span> 
     </span>
    </p>
   </div>
   <div class='ocr_carea' id='block_1_12' title="bbox 669 3246 2000 3388">
    <p class='ocr_par' dir='ltr' id='par_1_16' title="bbox 669 3246 2000 3388">
     <span class='ocr_line' id='line_1_24' title="bbox 669 3246 1872 3316; baseline 0.002 -18"><span class='ocrx_word' id='word_1_110' title='bbox 669 3247 915 3315; x_wconf 83' lang='lat' dir='ltr'>Rixaque</span> <span class='ocrx_word' id='word_1_111' title='bbox 944 3246 1262 3300; x_wconf 86' lang='lat' dir='ltr'>Homeream</span> <span class='ocrx_word' id='word_1_112' title='bbox 1286 3247 1458 3316; x_wconf 81' lang='lat' dir='ltr'>prodit</span> <span class='ocrx_word' id='word_1_113' title='bbox 1485 3247 1669 3300; x_wconf 78' lang='lat' dir='ltr'>acerba</span> <span class='ocrx_word' id='word_1_114' title='bbox 1694 3247 1872 3300; x_wconf 82' lang='lat' dir='ltr'>deam!</span> 
     </span>
     <span class='ocr_line' id='line_1_25' title="bbox 1974 3357 2000 3388; baseline -0.115 0"><span class='ocrx_word' id='word_1_115' title='bbox 1974 3357 2000 3388; x_wconf 66' lang='lat' dir='ltr'>R</span> 
     </span>
    </p>
   </div>
   <div class='ocr_carea' id='block_1_13' title="bbox 2209 0 2418 1502">
    <p class='ocr_par' dir='ltr' id='par_1_17' title="bbox 2209 0 2418 1502">
     <span class='ocr_line' id='line_1_26' title="bbox 2209 0 2418 1502; baseline 0 0"><span class='ocrx_word' id='word_1_116' title='bbox 2209 0 2418 1502; x_wconf 95' lang='lat' dir='ltr'> </span> 
     </span>
    </p>
   </div>
  </div>
 </body>
</html>
