2418 3944
736 438 1130 482 ANTHOLOGIA
1175 438 1549 480 OXONIENSIS.
1905 439 1989 481 297

1102 759 1225 796 XIV.

802 873 899 933 Qu
929 873 1055 930 inem
1082 885 1276 945 sempn·
1302 879 1423 944 agat
1450 871 1594 929 inem.

1117 1005 1237 1043 AFFR.

378 1115 634 1170 PRIMUM
659 1115 753 1169 ubi
777 1116 996 1169 maturis
1014 1117 1126 1186 jam
1152 1116 1347 1169 solibus
1372 1116 1574 1187 ingruit
1599 1124 1765 1179 aestaS‚

450 1227 608 1281 Nilus
634 1227 925 1282 abundanti
950 1228 1153 1298 plenior
1178 1247 1330 1281 amne
1355 1227 1504 1280 fluit:

375 1339 699 1410 Effususque
727 1349 879 1394 extra
903 1340 1057 1411 ripas,
1085 1340 1191 1393 late
1218 1340 1393 1393 omnia
1418 1341 1632 1403 circum,

451 1451 661 1507 Obruta
685 1471 783 1506 ceu
808 1452 982 1523 pelagi
1005 1452 1252 1505 fiuctibus
1278 1472 1403 1505 arva
1426 1451 1632 1522 premit.

378 1562 614 1615 Tantum
641 1571 885 1616 extructa
910 1582 1067 1633 super
1092 1563 1310 1616 tumulis
1336 1571 1498 1633 atque
1525 1582 1716 1634 aggere
1741 1562 1908 1634 glebae

451 1675 798 1746 Turrigerum
823 1683 1093 1728 ostentant
1119 1675 1310 1746 oppida
1334 1695 1525 1746 magna
1550 1683 1708 1745 caput
1730 1695 1741 1727 ε

380 1784 639 1856 Cyclades
666 1785 869 1857 AEgaeae
907 1787 1105 1856 qualeS,
1133 1795 1226 1839 aut
1251 1787 1478 1857 plurima
1504 1786 1673 1855 qualis

455 1899 645 1970 Sparsa
668 1919 763 1970 per
788 1873 982 1952 Icarias
1006 1900 1178 1952 insula
1202 1900 1370 1970 surgit
1396 1919 1573 1969 aquas,

377 2010 524 2082 Ergo
551 2030 728 2064 exsors
754 2031 971 2081 operum
997 2011 1222 2083 agricola
1248 2020 1409 2081 atque
1436 2011 1632 2064 oblitus
1658 2009 1819 2063 aratri

452 2121 562 2175 Per
587 2142 681 2175 sua
697 2123 810 2192 jam
834 2123 941 2176 late
966 2142 1090 2175 rura
1114 2122 1365 2193 phaselon
1391 2122 1501 2192 agit
1522 2143 1534 2174 :

377 2229 513 2282 Mox
538 2237 778 2283 vertente
804 2249 940 2282 anno
966 2230 1178 2283 solitum
1202 2238 1256 2283 te
1283 2229 1461 2282 condis
1486 2229 1541 2282 in
1568 2229 1793 2291 alveum,

454 2341 720 2394 Humenti
745 2349 799 2394 et
825 2341 1031 2405 sensim,
1063 2342 1203 2405 Nile,
1231 2341 1429 2395 recedis
1455 2361 1596 2412 agro,

381 2450 651 2506 Continuo
677 2451 959 2504 obductam
984 2451 1126 2505 felici
1150 2452 1350 2523 uligine
1376 2452 1489 2504 limi

453 2562 705 2634 Agricola
728 2563 944 2617 incurvo
970 2583 1178 2618 vomere
1204 2573 1377 2617 versat
1401 2564 1636 2616 humum.

379 2671 518 2725 Mox
542 2672 739 2744 raptim
764 2692 1040 2744 assurgens
1067 2683 1121 2727 et
1146 2674 1350 2745 magnis
1376 2683 1532 2726 aucta
1556 2671 1819 2725 alimentis

452 2784 642 2838 Prodit
668 2804 722 2838 se
749 2786 920 2838 culmo
945 2785 1249 2838 luxuriante
1276 2805 1439 2856 seges,

380 2897 545 2969 Erg0‚
574 2898 719 2962 Nile,
747 2908 853 2952 tuae
880 2898 1122 2968 queritur
1146 2898 1278 2951 nihil
1304 2897 1477 2951 accola
1502 2897 1624 2966 ripae

457 3009 618 3077 Quod
643 3029 737 3063 sua
760 3010 1030 3081 perpetuis
1056 3011 1250 3064 solibus
1277 3030 1401 3062 arva
1426 3009 1598 3062 calent
1620 3029 1632 3071 3

381 3120 436 3174 N
438 3140 499 3174 ec
523 3130 675 3175 vocat
699 3122 992 3178 imbriferas
1018 3123 1200 3185 nubeS‚
1229 3130 1572 3190 austrumque
1598 3120 1912 3183 madentem,

453 3232 599 3286 Dum
625 3241 685 3287 tu
711 3232 980 3287 foecundas
1006 3234 1197 3287 sufficis
1222 3253 1358 3286 unus
1384 3252 1560 3302 aquas,
