2418 3944
360 807 364 812 ι
400 736 603 790 Pocula
626 756 747 790 cum
772 736 951 808 rapido
976 745 1189 789 currant
1215 736 1511 806 spumantia
1534 755 1683 806 ger,

745 465 829 506 AN
832 463 1141 519 THOLOGIA
1184 462 1558 503 OXONIENSIS.

476 852 611 920 Quae
639 852 909 906 Thamesis
933 853 1088 906 mista
1112 872 1217 905 non
1244 852 1459 906 violavit
1484 871 1622 921 aqua
1642 872 1654 915 3

403 968 664 1040 Tempora
688 988 809 1022 cum
834 988 994 1023 roseae
1021 968 1171 1022 nobis
1198 987 1379 1022 secura
1404 986 1620 1030 coronae,
1683 940 1686 942 >

476 1085 650 1141 Corda
675 1106 769 1140 suo
794 1086 1002 1140 fervens
1028 1086 1222 1139 ambiat
1247 1086 1368 1156 igne
1394 1084 1547 1138 fides:

404 1203 479 1257 Et
505 1204 665 1257 siccas
690 1223 971 1274 properans
998 1203 1206 1256 Baccho
1232 1201 1546 1273 perfundere
1573 1221 1722 1254 curas

479 1319 736 1390 Propinet
761 1321 906 1391 largo
932 1319 1089 1373 turba
1114 1319 1285 1372 soluta
1310 1338 1453 1372 mero
1474 1339 1572 1381 3-—

408 1434 674 1505 Squamea
697 1456 844 1507 gens,
874 1436 1034 1489 vastis
1059 1434 1233 1505 pelagi
1258 1433 1481 1504 spatiata
1507 1409 1603 1485 sub
1631 1433 1798 1495 undiS,

483 1555 537 1608 N
540 1574 609 1608 on
634 1556 828 1626 patrias
854 1575 1002 1625 aeque
1027 1554 1192 1608 libera
1218 1554 1393 1607 sorbet
1420 1572 1597 1622 aquas,

410 1669 566 1734 Cum,
594 1670 820 1724 volucris
846 1670 1053 1741 captiva
1077 1670 1241 1733 velut,
1269 1669 1541 1722 mitissima
1566 1668 1731 1739 Regis

480 1783 671 1848 Corda,
698 1785 873 1848 decue,
901 1784 1098 1848 laudeS,
1127 1804 1217 1837 ora
1243 1784 1470 1837 verenda
1491 1803 1689 1847 canam,

408 1905 645 1960 Gutture
672 1913 918 1958 contento
938 1925 951 1967 3
995 1913 1048 1957 et
1075 1923 1234 1973 quam
1261 1904 1327 1956 sit
1352 1903 1521 1956 bonus
1546 1903 1635 1956 ille
1662 1901 1759 1955 sub
1786 1922 1954 1966 aurae,

482 2023 764 2092 Quamque
790 1993 991 2093 potenS,
1021 2031 1219 2076 starent
1245 2023 1287 2075 si
1312 2022 1465 2076 modo
1483 2023 1621 2092 jura,
1649 2022 1814 2076 feram
1834 2042 1933 2085 3—

410 2139 633 2195 Carcere
659 2139 724 2192 ab
750 2138 932 2191 AEolio
958 2138 1142 2191 Boreae
1167 2138 1343 2191 laxata
1368 2157 1613 2191 sonorum

481 2258 679 2312 Libera
703 2277 809 2310 non
836 2276 985 2327 aeque
1011 2257 1214 2327 proruit
1240 2276 1367 2309 aura
1391 2256 1603 2309 fretum.

413 2376 584 2431 Saxea
608 2396 714 2429 non
739 2376 971 2429 animum
995 2396 1267 2429 murorum
1293 2376 1534 2430 claudere
1559 2376 1737 2440 moleS‚

484 2494 714 2558 Credite,
741 2513 838 2548 nec
863 2493 1001 2547 ferro
1019 2494 1184 2564 janua
1207 2492 1344 2545 fulta
1368 2500 1557 2563 potest.

414 2613 626 2668 Scilicet
650 2613 734 2665 hic
760 2612 918 2666 etiam
943 2611 1206 2683 placidum
1232 2611 1342 2664 sine
1369 2611 1583 2663 crimine
1609 2619 1794 2680 pectus

484 2733 611 2788 Otia
636 2733 824 2786 Pieriae
851 2732 996 2785 ducit
1022 2751 1223 2784 amoena
1247 2731 1445 2784 domus.

415 2852 473 2907 Si
497 2851 624 2904 mihi
648 2845 781 2905 liber
807 2870 966 2915 amor,
993 2870 1140 2904 mens
1166 2850 1345 2913 libera,
1372 2849 1546 2902 lucida
1571 2849 1686 2901 coeli

484 2969 815 3023 Libertatem
841 2977 1051 3038 aequant
1077 2967 1285 3040 agmina
1310 2967 1418 3021 sola
1441 2987 1626 3020 meam.
