2418 3944
709 458 1106 501 ANTHOLOGIA
1149 458 1522 500 OXONIENSIS.

1075 797 1198 834 XVI.

900 907 1136 966 &tabia
1162 907 1414 969 &munia

459 1060 556 1105 Illis
575 1057 848 1118 nuptialibus
869 1059 1039 1103 facibus
1060 1059 1349 1118 conflagrasse
1370 1059 1536 1117 regiam
1557 1060 1866 1104 suam—Lm.

327 1194 390 1251 Sl
417 1195 516 1250 tibi
539 1215 645 1249 non
670 1196 845 1249 oculos
869 1195 1080 1266 penitus
1104 1202 1200 1247 tua
1222 1194 1443 1248 barbara
1467 1195 1640 1266 pellex

396 1309 659 1372 Fascinat‚
685 1308 863 1362 uxoris
887 1307 1096 1379 perlege
1123 1307 1271 1379 signa
1294 1327 1493 1361 manus.

321 1421 497 1475 Parva
519 1421 679 1474 semel
703 1419 980 1473 luxu'data
1005 1419 1072 1472 sit
1095 1439 1269 1473 mora:
1309 1421 1534 1492 perlege,
1563 1421 1730 1474 solum

397 1531 518 1586 Hoc
542 1530 678 1603 petit
702 1530 863 1584 infido
887 1530 1008 1583 laesa
1031 1530 1219 1583 marita
1242 1530 1368 1584 viro.

324 1644 449 1698 Non
473 1643 601 1696 mihi
618 1641 928 1713 jamdudum
954 1642 1148 1706 invisae,
1175 1643 1417 1713 natisque
1442 1643 1654 1708 relictis,

405 1754 512 1810 Sed
537 1755 637 1808 sibi
663 1755 804 1824 quod
832 1754 1047 1807 Marcus
1072 1754 1242 1808 defuit
1267 1756 1378 1826 ipse
1405 1774 1609 1824 queror.

329 1866 440 1920 Hei
464 1865 622 1919 mihi!
661 1884 755 1920 cur
778 1886 1013 1936 unquam
1039 1857 1094 1919 te
1124 1865 1299 1937 Cydni
1323 1867 1388 1919 ad
1414 1865 1631 1920 flumina
1654 1867 1778 1921 visit

397 1977 602 2048 Pompa
629 1975 899 2047 Canopaeae
924 1970 1213 2047 pernicioSa
1237 1977 1388 2030 ratis!

327 2087 600 2142 Victorem
623 2095 741 2140 tum
766 2105 932 2139 caecus
957 2105 1117 2150 amor,
1145 2095 1262 2140 tum
1287 2087 1398 2140 dira
1423 2087 1632 2160 subegit

331 2168 337 2173 ¹
395 2197 679 2252 Incautum
703 2197 884 2268 positis
908 2206 963 2251 te
992 2197 1272 2268 Cleopatra
1296 2198 1440 2252 dolis·

327 2309 426 2363 Illa
449 2309 573 2362 mali
591 2309 690 2363 tibi
713 2309 882 2381 prima
905 2309 1049 2363 lues:
1093 2329 1252 2379 quam
1275 2329 1444 2380 nuper
1468 2309 1663 2380 iniquis

397 2421 647 2496 Conjugii
671 2420 818 2474 taedis
843 2421 991 2474 auxit
1017 2421 1222 2474 adulter
1250 2421 1482 2492 Hymen.

323 2532 458 2591 Inde
483 2540 599 2586 toro
625 2532 857 2596 Furiam,
886 2552 1003 2603 quae
1028 2541 1083 2586 te
1109 2532 1407 2603 famamque
1433 2534 1752 2604 domumque

395 2643 606 2707 Diruat,
631 2643 735 2698 heu
759 2644 956 2715 proprii
980 2643 1179 2697 funeris
1205 2654 1387 2698 auctor
1407 2645 1419 2698 Σ
1458 2646 1566 2699 alis.

325 2756 465 2810 Nam
490 2775 664 2826 neque
690 2756 831 2825 quod
856 2756 1055 2826 placide
1081 2756 1251 2826 patiar
1274 2777 1392 2811 mea
1415 2758 1619 2823 damna,
1649 2759 1889 2828 quietum

397 2867 474 2921 Te
500 2876 681 2939 stupro
707 2887 881 2939 speres
904 2868 1171 2921 luxuriare
1197 2877 1320 2922 tuo:

323 2977 456 3046 Quae
480 2997 565 3031 me
590 2997 696 3031 non
720 2978 901 3042 movit,
928 2987 1105 3032 movet
1130 2998 1302 3032 acrem
1326 2979 1517 3050 injuria
1538 2979 1751 3033 fratrem
1771 3000 1785 3043 3

395 3090 495 3144 Ille
521 3090 704 3144 domus
729 3091 860 3144 laesae
885 3111 991 3144 non
1015 3093 1146 3146 levis
1170 3093 1312 3145 ultor
1338 3093 1466 3146 erit:

322 3200 422 3255 Ille
448 3202 595 3255 ferox
621 3201 815 3255 Pharia
839 3203 1054 3273 posthac
1078 3203 1299 3258 bellator
1322 3204 1376 3256 in
1402 3204 1531 3258 urbe

396 3309 533 3366 Cum
558 3312 745 3364 dextra
769 3311 953 3382 eripiet
979 3321 1182 3382 sceptra
1207 3313 1470 3381 decusque
1495 3321 1621 3375 tua3
