2418 3944
891 456 1285 498 ANTIIOLOGIA
1331 456 1703 498 OXONIENSIS.

758 723 877 795 'Ap’
903 724 992 776 οὖν
1016 723 1270 789 βέβηκας,
1298 723 1490 776 κούκέτ’
1513 723 1749 795 ἄψορρος
1768 724 1942 778 ’πάλιν

692 839 788 902 νγῆς
811 834 1152 902 ἐμβατεύσεις
1176 833 1350 900 τῆσδε,
1380 833 1640 905 φίλτατον
1665 835 1829 906 κάρα;

693 945 862 999 καίτοι
887 944 941 998 τί
964 949 1127 1016 φημι;
1169 943 1428 1015 φίλτατον
1451 948 1563 999 πῶς
1588 945 1665 998 δεῖ
1685 946 1883 1013 λέὙεινς

693 1061 798 1111 ποῦ
821 1057 923 1128 1’γάρ
949 1055 1064 1110 ποτ’
1092 1056 1291 1128 ἐφίλεις
1314 1058 1382 1124 μ’,
1412 1037 1558 1111 ὅστιὲ·
1583 1045 1812 1111 ἐκλιπὼν
1835 1055 1996 1126 μόνην

695 1168 828 1241 οἴχει
852 1167 1139 1230 τάλαιναν;
1181 1167 1327 1220 ἀλλὰ
1353 1167 1441 1220 καὶ
1467 1167 1699 1221 στένουσ’
1727 1168 1864 1237 ὅμως

693 1278 840 1349 πόθῳ
865 1279 1055 1345 τέτηκα
1082 1278 1258 1347 θυμόν,
1287 1277 1387 1332 οὐδ’
1415 1278 1511 1347 ἔξω
1538 1283 1735 1350 φρενῶν

694 1390 854 1463 φίλον
879 1390 1126 1458 δυναίμην
1151 1391 1272 1458 ὄμμ’
1300 1390 1364 1444 ἂν
1387 1393 1634 1456 ἐκβαλεῖν
1659 1392 1760 1445 ἔτι.>

693 1501 815 1555 ἀλλ’
844 1501 923 1555 εἶα
943 1521 954 1533 ·
983 1502 1145 1570 δεῖξαι
1172 1506 1260 1555 νῦν
1284 1501 1342 1555 τὸ
1369 1507 1602 1570 ’γενναῖον
1625 1502 1812 1574 πρέπει
1836 1522 1848 1533 ·

695 1617 785 1668 ἴτω
812 1614 921 1688 τάδ’
949 1615 1128 1688 ὥσπερ
1155 1615 1300 1668 ἐστί·
1329 1620 1415 1670 νῦν
1438 1616 1480 1669 δ’
1507 1616 1668 1689 ἔρτγων
1704 1617 1844 1685 ἀκμή
1867 1637 1880 1648 ·

692 1727 831 1780 ὅπως
855 1728 1084 1781 ἀκούσας
1109 1732 1200 1792 τῆς·
1224 1728 1561 1801 ταλαιπώρου
1585 1729 1753 1783 πάθος·

687 1837 857 1892 οἶκτόν
881 1837 997 1891 ποτ’
1027 1839 1196 1912 ἴσχῃς,
1227 1838 1458 1911 σχέτλιε,
1487 1839 1575 1892 καὶ
1600 1839 1930 1912 δακρυρρόοις

693 1954 919 2017 πηγαῖσι
944 1950 1126 2019 τέγξῃς
1151 1951 1294 2017 ὄμμα
1316 1970 1327 1981 ·
1357 1955 1444 2003 νῦν
1467 1951 1569 2021 *γάρ
1596 1973 1677 2004 τοι
1703 1950 1862 2023 φίλον

694 2060 1028 2113 πανύστατον
1053 2059 1154 2113 τόδ’
1175 2060 1367 2113 (Ηλίου
1390 2061 1581 2125 βλέπω
1608 2061 1753 2132 φάος.

692 2176 834 2245 πυρᾷ
858 2172 959 2243 «γὰρ
985 2174 1179 2240 ἐμβᾶσ’
1206 2172 1315 2226 εἶτα
1339 2173 1610 2245 Δαρδάνου
1636 2174 1784 2245 ξίφος

693 2284 785 2336 οὐκ
809 2283 1035 2336 ἐλπίδων
1052 2284 1164 2351 μεθ’
1191 2283 1261 2336 ὧν
1285 2283 1548 2352 ἐδεξάμην,
1575 2285 1734 2348 βαλῶ

693 2396 916 2466 στέρνων
942 2395 1192 2463 διαμπάξ,
1222 2395 1324 2448 οὐδ’
1350 2397 1588 2464 ἀνέξομαι
1613 2396 1671 2449 τὸ
1697 2395 1768 2462 μὴ
1795 2395 1853 2449 οὐ

693 2504 824 2556 οὕτω
852 2504 1248 2575 διαρραισθεῖσα
1274 2505 1517 2576 νερτέρων
1540 2505 1689 2576 ἕδρας

690 2619 885 2682 μολεῖν,
917 2615 975 2667 ἵν’
1003 2615 1062 2668 οὔ
1088 2638 1174 2668 σοι
1200 2615 1293 2681 τὴν
1316 2616 1440 2687 πρὶν
1465 2617 1653 2687 εὐφιλῆ
1678 2619 1843 2670 πάλιν

694 2725 816 2779 ἰδεῖν
841 2727 1102 2796 παρέσται
1127 2727 1215 2779 τὸν
1241 2726 1302 2779 δι’
1329 2727 1510 2780 αἰῶνος
1534 2726 1735 2799 χρόνον.

693 2840 814 2891 ἀλλ’
841 2837 952 2906 εἶμ’,
982 2838 1195 2892 ὀπαδοῖς·
1220 2841 1264 2891 τ’
1292 2838 1510 2909 εὐτρεπῆ
1538 2839 1700 2892 θεῖναι
1725 2839 1847 2892 τάδε

694 2949 880 3002 θυσίαν
905 2949 1045 3002 ὅπως
1068 2950 1290 3020 ῥέξουσα
1316 2949 1570 3017 δαιμόνων
1596 2954 1798 3022 φράσω.

692 3061 751 3113 οὐ
775 3060 876 3131 ’γὰρ
903 3061 991 3113 τὸν
1009 3061 1134 3113 ὅντα
1160 3061 1316 3114 τῶνδε
1343 3063 1418 3114 δεῖ
1442 3063 1642 3132 φαίνειν
1666 3061 1838 3130 λόγον.

767 3168 927 3222 'save’
955 3171 1022 3223 ὡς
1047 3169 1219 3238 ἔλεξεν
1244 3171 1276 3236 ἡ
1302 3170 1650 3241 ταλαίπωρος,
1680 3170 1847 3238 δόμων

695 3278 798 3331 ἔσω
825 3284 1111 3350 παρῆλθεν,
1142 3279 1192 3332 οἱ
1214 3280 1256 3332 δ’
1281 3281 1571 3351 ἐπόρσυναν
1595 3282 1756 3354 τάχος
