2418 3944
703 462 1099 505 ANTHOLOGIA
1141 460 1516 503 OXONIENSIS.
1921 460 1974 502 95

1073 744 1175 780 LVI

865 837 1138 906 mahala
1177 836 1411 908 magma.

383 1008 485 1061 ΑΗ
506 1007 518 1061 1
556 1016 628 1071 te,
657 1007 872 1070 Mabba,
898 1026 1015 1060 meo
1041 1007 1251 1060 choreas
1276 1004 1486 1058 duxisse
1511 1004 1738 1064 cerebro,

459 1099 719 1170 Suspicor,
748 1108 802 1153 et
827 1099 1009 1152 mediis
1035 1098 1300 1151 delituisse
1327 1096 1484 1150 comis
1504 1117 1602 1148 :—

385 1193 480 1256 Te,
509 1193 551 1246 si
576 1213 700 1246 vera
723 1192 867 1255 fides,
896 1192 1041 1245 nulla
1069 1190 1355 1244 Eileithuia
1379 1198 1545 1260 poetae

455 1285 721 1338 Promtior
745 1284 955 1356 ingenio
980 1283 1318 1354 parturientis
1344 1283 1503 1335 adest.

381 1377 499 1430 En!
538 1378 717 1430 similis
742 1377 910 1430 vitreo
934 1385 1028 1429 tua
1051 1375 1269 1445 parvula
1293 1374 1460 1426 forma
1483 1372 1675 1443 lapillo,

457 1468 632 1537 Quem
658 1488 930 1540 procerum
954 1476 1127 1539 gestat
1153 1467 1493 1536 sardonycata
1516 1484 1728 1517 manus:

386 1560 567 1615 Sicubi
591 1560 855 1614 labentem
880 1560 1016 1612 nasis
1042 1559 1384 1613 stertentibus
1410 1577 1561 1611 axem

454 1652 668 1714 Flectis,
697 1672 856 1723 agens
881 1661 1096 1714 atomOS,
1125 1660 1358 1721 tempore
1385 1650 1567 1713 noctiS,
1597 1669 1773 1718 equos,

382 1744 511 1800 Vidi
537 1745 852 1813 equidem—
870 1752 940 1807 et,
969 1752 1172 1796 nostros
1197 1751 1366 1796 terror
1389 1742 1491 1795 nisi
1515 1742 1640 1796 lusit
1666 1742 1936 1796 ocellos—-

455 1836 558 1889 Illa
581 1836 686 1889 fuit
712 1835 920 1888 domina
944 1835 1102 1906 digna
1128 1835 1382 1905 quadriga
1407 1854 1499 1886 sua
1520 1855 1531 1886 :

385 1928 596 1999 Quippe
622 1928 827 1982 inerant
852 1947 1147 1996 muscaeque
1173 1928 1346 1998 pedeS,
1370 1927 1568 1995 alaeque
1595 1926 1797 1989 cicadae,

457 2020 622 2074 Utilis
646 2020 755 2073 haec
779 2028 921 2073 tecto
947 2019 1159 2082 scilicet,
1187 2019 1277 2071 illa
1301 2019 1428 2071 rotis
1450 2040 1461 2070 ε

386 2113 654 2166 Texuerat
678 2112 892 2164 minimo
918 2111 1205 2165 retinacula
1230 2131 1417 2164 aranea
1441 2111 1546 2173 filo,

457 2206 724 2259 Texuerat
748 2205 903 2258 radiis
927 2206 1053 2258 luna
1077 2205 1299 2275 capistra
1323 2205 1428 2257 suis
1448 2225 1460 2256 :

384 2297 607 2351 Addidit
633 2317 688 2350 os
713 2297 871 2368 grylli
897 2297 1160 2360 scuticam,
1188 2296 1546 2350 membranula
1570 2296 1767 2348 lorum:

458 2391 716 2463 Aurigam
741 2391 959 2445 culicem
984 2411 1162 2444 russea
1185 2391 1316 2443 laena
1340 2391 1475 2462 tegit
1496 2412 1506 2442 :

388 2484 466 2539 At
491 2504 624 2538 nuce
650 2485 715 2539 de
741 2504 884 2537 cassa
908 2485 1121 2537 rhedam
1141 2484 1417 2555 compegit,
1447 2483 1596 2536 anilis

462 2578 585 2652 Sive
611 2578 786 2649 opifex
811 2577 1002 2632 vermis
1029 2577 1138 2630 sive
1165 2577 1364 2630 sciurus
1391 2585 1531 2640 erat3

385 2672 525 2725 Nam
549 2670 674 2743 (nisi
698 2670 836 2723 fama
860 2669 1015 2741 levis)
1042 2670 1334 2723 Lemurum
1359 2670 1609 2722 struxisse
1636 2668 1912 2740 quadrigas

460 2763 719 2833 Tempore
745 2763 810 2816 ab
837 2762 1054 2832 antiquo
1080 2762 1250 2815 dictus
1276 2770 1501 2831 uterque
1526 2761 1687 2815 faber.

387 2855 507 2908 Hac
531 2864 609 2918 tu,
638 2855 795 2918 Diva,
824 2855 931 2907 ruis
957 2854 1177 2925 pompa!
1217 2854 1497 2907 comitatur
1531 2861 1743 2907 euntem

462 2949 701 3012 Somnus,
731 2957 785 3002 et
810 2949 1008 3002 incerto
1035 2948 1233 3001 somnia
1256 2948 1406 3019 nigra
1429 2948 1576 3017 pede.

387 3043 532 3114 Ergo
558 3042 666 3095 sive
694 3041 898 3110 equites
923 3061 1016 3111 per
1041 3041 1262 3093 amantis
1287 3049 1538 3110 tempora,
1568 3040 1676 3093 sive

464 3135 717 3188 Aulicolae
742 3148 927 3186 notum
953 3134 1333 3204 transgrediare
1353 3153 1492 3204 genu
1511 3153 1523 3195 3

389 3229 496 3283 Hic
521 3229 690 3299 capite
715 3228 931 3281 incurvo
958 3228 1178 3298 supplex
1204 3228 1358 3290 cadit,
1386 3228 1473 3280 ille
1499 3227 1726 3297 puellam

459 3321 711 3374 Protinus
736 3321 792 3373 in
817 3320 1007 3373 somnis
1033 3320 1197 3373 credit
1224 3321 1399 3373 adesse
1426 3339 1583 3372 suam.
2065 3317 2069 3550 ἰ
2103 3318 2105 3320 ’
