2418 3944
698 368 1094 411 ANTHOLOGIA
1139 368 1514 411 OXONIENSIS.
1878 369 1958 411 159

439 652 568 706 Non
592 653 691 706 tibi
716 673 856 707 nuno
881 653 1027 707 rutili
1050 662 1356 707 metuentur
1380 653 1602 724 fulguris
1627 653 1791 724 igneS,

513 745 637 798 Non
661 745 836 816 fragor
862 755 915 800 et
941 747 1129 799 summi
1153 746 1261 799 tela
1285 745 1556 799 tremenda
1580 745 1621 799 J
1624 745 1734 798 ovis
1755 765 1767 807 3

441 832 678 890 Verbera
701 857 798 891 neo
822 838 961 891 falsae
986 847 1208 892 noceant
1233 838 1508 892 temeraria
1530 837 1722 909 linguae
1743 857 1755 899 3

513 929 622 983 Hic
645 929 744 983 tibi
768 930 960 984 laetitiae
986 931 1316 1000 tristitiaeque
1341 930 1538 984 modus,

1760 1020 1802 1053 G.
1821 1020 1856 1053 s,

1042 1359 1185 1397 XCII.

1001 1472 1224 1534 {tabia

363 1623 624 1677 PULCRAE
651 1625 775 1678 olim
801 1634 854 1678 et
879 1625 1017 1679 facili
1041 1624 1278 1679 nostrum
1303 1626 1417 1689 tibi,
1440 1625 1650 1690 Lesbia,
1673 1645 1897 1679 amorem

435 1716 477 1770 J
478 1717 694 1770 urabam
719 1717 935 1788 longum
960 1726 1380 1788 perpetuumque
1406 1719 1516 1771 fore
1537 1739 1549 1771 z

365 1807 525 1861 Nunc
549 1816 658 1861 tam
683 1818 896 1862 mutatae
922 1809 1020 1862 tibi
1046 1810 1089 1863 si
1115 1810 1307 1863 servire
1333 1810 1587 1874 tulissem,

438 1901 562 1954 Non
587 1911 791 1955 servata
816 1912 966 1967 esset,
996 1903 1086 1956 sed
1110 1923 1227 1957 mea
1250 1912 1407 1974 rupta
1430 1904 1573 1957 fides

1025 2311 1194 2349 XCIII.

889 2425 962 2484 3111
1001 2424 1338 2498 ffinpbotlem,

435 2557 714 2610 FUNDlTE
741 2559 971 2629 serpenti
996 2559 1186 2613 virides
1210 2560 1295 2613 hio
1319 2559 1503 2613 fronde
1530 2561 1818 2631 corymbOS,

511 2637 640 2715 VOS,u
668 2651 902 2705 hederae!
940 2652 1106 2705 doctis
1132 2653 1341 2723 praemia
1365 2662 1492 2707 nota
1517 2654 1707 2706 comis:

440 2743 588 2814 Saepe
619 2743 918 2815 Sophocleis
945 2746 1207 2815 quondam
1233 2747 1356 2800 data
1381 2756 1520 2800 serta
1545 2749 1758 2818 capillis,

507 2836 722 2908 Cingite
748 2858 891 2891 nuno
917 2839 1047 2891 sacri
1072 2839 1300 2892 molliter
1325 2859 1439 2892 ossa
1463 2840 1575 2893 viri.

441 2925 612 2982 Suave
638 2929 831 2982 rubens
856 2930 1045 3000 passim
1073 2930 1221 2983 sociis
1246 2950 1361 2984 rosa
1384 2931 1597 2984 fioribus
1622 2932 1780 2995 halet,

508 3021 727 3074 Flexilis
753 3032 806 3075 et
832 3022 1015 3076 densas
1040 3024 1315 3094 pampinus
1341 3025 1497 3078 addat
1523 3045 1645 3095 opes
1666 3045 1678 3077 ε

439 3110 651 3182 Quippe
676 3132 854 3182 parem
878 3113 1018 3166 facili
1044 3114 1272 3184 spirabat
1298 3115 1363 3168 ab
1389 3135 1477 3169 ore
1502 3116 1756 3178 decorem,

510 3203 808 3275 Perpetuus
836 3204 1110 3260 Charitum
1139 3207 1515 3276 Pieridumque
1542 3227 1725 3261 eomes,

1743 3325 1747 3328 .
1821 3299 1846 3330 B
