2418 3944
721 436 1119 479 ANTHOLOGIA
1162 435 1539 478 OXONIENSIS.
1898 439 1978 479 185

445 701 636 757 Nubet
661 710 717 756 at
741 702 832 756 illa
856 702 980 756 suo!
1019 711 1215 756 castam
1232 703 1444 774 juratus
1469 703 1535 757 ad
1559 723 1730 768 aram,

520 813 632 882 Qui
656 814 802 868 dabit
826 822 1020 886 optatae
1044 815 1264 886 pignora
1288 823 1468 869 sancta
1491 835 1690 869 manus.

445 923 558 978 Iste
582 925 749 996 magis
773 925 1005 980 sincerus
1029 945 1189 990 amor,
1216 927 1382 998 magis
1405 926 1537 979 illud
1560 926 1855 990 honestum,

516 1036 745 1090 Pectora
769 1055 927 1106 quam
953 1036 1135 1090 deceat
1159 1037 1360 1108 perfida
1383 1047 1563 1092 nostra
1578 1039 1786 1110 jugum.

447 1267 660 1322 Scilicet
686 1276 740 1322 et
765 1269 960 1339 populo
985 1269 1163 1323 videar
1187 1269 1378 1323 festiva
1401 1269 1638 1339 levisque
1659 1269 1671 1322 1

528 1378 641 1434 Sub
667 1378 870 1450 placido
897 1379 1052 1432 vultu
1078 1380 1253 1433 saucia
1277 1379 1432 1434 corda
1455 1398 1595 1451 gero.

444 1491 532 1545 Tu
554 1492 699 1555 mihi,
726 1511 844 1562 quae
869 1512 1068 1563 sponsae
1092 1492 1283 1563 rupisti
1306 1492 1439 1546 heu!
1478 1492 1688 1555 foedera,
1715 1500 1898 1556 mater,

517 1602 652 1656 Tam
675 1603 850 1675 gravis
875 1603 1028 1657 uxori
1053 1603 1285 1657 vulneris
1310 1611 1493 1658 auctor
1518 1603 1661 1658 eras!

1826 1715 1866 1749 B.

1052 2297 1194 2335 CVII.

784 2431 1100 2506 {fitupinatiu
1128 2434 1194 2488 ab
1220 2431 1454 2490 szliam.

834 2593 939 2637 Alia
961 2596 1128 2638 versio:
1150 2594 1240 2638 vid.
1263 2611 1305 2653 p.
1329 2599 1400 2640 44.

463 2747 553 2801 Ex
578 2748 756 2812 oculis,
784 2768 901 2802 mea
923 2749 1035 2812 lux,
1062 2749 1184 2803 solis
1209 2751 1475 2804 taciturna
1499 2752 1772 2823 propines3

543 2858 798 2914 Conscius
823 2880 890 2914 ex
915 2862 1080 2915 oculis
1104 2871 1293 2917 mutua
1316 2865 1478 2918 verba
1502 2865 1651 2919 dabo.

463 2970 678 3040 Linque
703 2971 789 3024 vel
813 2971 1050 3042 impressi
1075 2973 1268 3044 cyatho
1294 2975 1517 3047 vestigia
1540 2976 1691 3040 labri,

545 3081 690 3138 Cura
713 3103 812 3138 nec
835 3083 996 3138 infusi
1020 3093 1150 3139 tunc
1175 3085 1276 3139 erit
1300 3086 1410 3140 ulla
1433 3086 1579 3140 meri.

463 3193 700 3247 AEtherii
722 3194 892 3249 laticis
915 3196 1174 3268 restingui
1197 3198 1432 3268 postulat
1456 3198 1667 3261 haustn,

536 3303 727 3358 Acrior
751 3324 818 3358 ex
843 3305 1016 3360 animo
1042 3325 1159 3376 quae
1184 3307 1371 3378 flagrat
1396 3316 1512 3361 orta
1535 3307 1676 3370 sitis3
