2418 3944
739 471 822 511 AN
825 471 1133 513 THOLOGIA
1178 470 1551 513 OXONIENSIS.
1934 473 1951 512 l
1963 473 2020 514 03

1133 917 1225 954 LX.

1042 1029 1324 1099 §marusa

503 1195 565 1249 Sl
593 1195 671 1248 vis
699 1195 1001 1260 Melrosam,
1031 1216 1189 1266 quam
1215 1200 1283 1251 sit
1308 1199 1547 1263 formosa,
1576 1200 1730 1264 tueri,

572 1308 619 1370 Ι,
648 1318 769 1379 pete
796 1328 916 1361 cum
941 1310 1069 1363 coelo
1094 1310 1288 1380 pallida
1311 1310 1437 1363 luna
1460 1311 1596 1364 nitet
1617 1332 1630 1374 ;

499 1420 751 1491 Namque
777 1431 1106 1475 coruscantes
1137 1421 1227 1476 Sol
1253 1423 1345 1491 qui
1363 1423 1495 1492 jacit
1521 1443 1708 1477 aureus
1733 1424 1882 1495 ignes

573 1533 766 1586 Irridet
793 1553 921 1586 cano
947 1533 1138 1586 moenia
1163 1534 1303 1586 victa
1328 1534 1449 1587 situ.

500 1642 606 1697 Ast
631 1663 780 1697 arcus
804 1644 960 1698 fracti
985 1664 1150 1714 quum
1175 1654 1328 1699 nocte
1354 1654 1624 1717 teguntur,
1654 1655 1708 1700 et
1733 1645 1876 1701 albet

573 1754 707 1822 Quae
732 1755 875 1808 videt
903 1755 1077 1808 Eoum
1101 1756 1257 1826 longa
1281 1755 1511 1809 fenestra
1536 1756 1714 1827 polum
1735 1777 1748 1820 3

501 1865 685 1932 Quum
709 1885 843 1936 vaga
868 1885 961 1936 per
984 1867 1166 1919 medjae
1192 1867 1403 1939 fastigia
1428 1868 1606 1920 diruta
1630 1868 1792 1921 turris

573 1976 699 2028 Lux
724 1976 899 2047 gelida>
921 1976 1121 2030 incerto
1148 1977 1371 2048 desuper
1395 1978 1560 2031 imbre
1587 1979 1756 2042 cadit3

503 2085 687 2154 Quum
711 2096 860 2140 vasta
884 2088 1098 2141 alternis
1124 2098 1332 2142 exstant
1357 2089 1628 2143 fulcimina
1650 2090 1846 2155 formiS‚

577 2200 710 2255 Haec
737 2203 962 2254 ebenum
986 2202 1241 2266 referunt,
1268 2203 1371 2257 ista
1395 2204 1642 2258 videntur
1668 2204 1828 2268 ebur3

498 2310 688 2379 Quum
713 2310 854 2364 color
879 2310 1075 2382 effigies
1100 2320 1154 2364 et
1180 2312 1373 2383 scripta
1399 2323 1679 2384 argenteus
1705 2314 1869 2368 ambit

577 2421 712 2489 Quae
737 2430 791 2474 te
817 2422 917 2475 rite
943 2422 1132 2476 docent
1157 2424 1350 2487 vivere,
1377 2425 1477 2478 rite
1503 2426 1664 2488 mori;

507 2531 691 2600 Quum
717 2552 874 2603 super
900 2534 1180 2603 antiquum
1204 2537 1346 2588 bubo
1373 2536 1513 2589 canit
1540 2538 1714 2590 omina
1737 2540 1970 2602 bustum,

533 2711 535 2713 Ι
572 2648 863 2718 Raucaque
887 2648 1176 2720 longinquo
1202 2670 1468 2705 murmure
1498 2652 1682 2706 Tueda
1705 2653 1897 2708 fremit.

507 2760 648 2813 Tum
672 2769 794 2831 pete
822 2761 1106 2814 Melrosam
1133 2762 1302 2816 solus:
1345 2764 1642 2834 tacitusque
1668 2785 1878 2836 pererra

582 2860 804 2942 Templa
827 2871 982 2924 nimis
1007 2872 1164 2943 longo
1190 2872 1531 2927 collabefacta
1555 2874 1639 2928 die
1659 2895 1672 2938 3

505 2983 639 3038 Inde
665 2984 877 3038 domum
902 2995 1144 3056 repetens
1169 2995 1345 3040 tecum
1371 2988 1568 3041 fateare
1595 3008 1802 3043 necesse
1829 2998 1908 3043 est

507 3102 542 3126 “
570 3095 811 3149 Pulcrior
835 3096 933 3149 hoc
957 3117 1062 3150 non
1088 3106 1167 3150 est
1192 3097 1476 3152 flebiliorve
1502 3098 1691 3152 locus,”

1816 3208 1864 3241 H.
1883 3208 1930 3241 H.
