2418 3944
728 467 1121 509 ANTHOLOGIA
1163 468 1534 510 OXONIENSIS.

343 761 347 766 ·
373 742 407 766 “
431 734 604 787 Roma
628 743 813 804 potens
837 734 1037 805 opibus,
1065 743 1216 788 terrae
1242 743 1416 805 caput,
1444 735 1643 805 inclyta
1666 735 1831 799 bellis,

503 844 613 899 Sub
639 846 770 916 pede
795 865 936 898 nunc
963 846 1179 916 populos
1204 845 1345 899 mille
1372 846 1596 916 superba
1619 847 1774 899 terit:

430 957 509 1009 At
538 957 688 1010 cadet
714 958 917 1028 ingenti
942 978 1064 1011 mox
1090 967 1255 1011 strata
1278 958 1333 1010 in
1358 959 1575 1029 pulvere
1601 959 1767 1029 lapSU,

501 1068 702 1121 Moenia
719 1069 831 1138 jam
858 1069 1026 1122 victor
1051 1069 1303 1122 barbarus
1331 1069 1479 1123 ecce!
1519 1070 1668 1140 petit.

372 1295 406 1318 “
435 1286 739 1342 Succrescet
765 1288 946 1341 Romae
973 1289 1171 1342 soboles
1195 1289 1410 1360 indigna
1433 1299 1726 1360 parentum,

498 1397 626 1451 Non
653 1399 752 1452 erit
778 1399 832 1450 in
857 1399 1026 1469 pretio
1051 1398 1216 1460 mileS,
1244 1406 1306 1451 ut
1332 1410 1470 1462 ante,
1500 1418 1593 1452 suo
1614 1419 1626 1461 3

426 1509 650 1562 Praemia
674 1519 790 1562 tum
814 1510 964 1562 famae
990 1510 1210 1571 numeri,
1238 1529 1344 1562 non
1369 1529 1527 1573 arma,
1555 1510 1848 1574 merebunt,

501 1621 727 1691 Solaque
753 1622 1072 1692 degenerum
1096 1621 1262 1692 gloria
1281 1641 1489 1675 carmen
1515 1622 1630 1675 erit.

366 1853 400 1876 ‘⁶
430 1843 535 1899 Sed
559 1864 726 1916 genus
751 1863 867 1897 acre
895 1845 1081 1907 virum,
1111 1845 1271 1914 sylvis
1296 1845 1477 1897 innata
1502 1864 1746 1916 propago,

414 2025 421 2028 ἱ
494 1957 747 2010 Protinus
771 1957 826 2008 in
851 1957 1040 2009 nostris
1066 1957 1331 2010 exorietur
1356 1958 1492 2028 agris
1513 1977 1525 2019 3

418 2068 466 2121 F
469 2068 857 2138 ulminibusque
883 2078 1084 2139 potens,
1113 2069 1324 2138 alasque
1349 2060 1535 2122 induta
1558 2069 1804 2132 nitenteS,

492 2180 722 2252 Imperio
746 2190 911 2234 terras
936 2181 1186 2235 nobiliore
1212 2190 1375 2252 reget.

351 2411 385 2434 ‘⁶
414 2402 554 2455 Tum
578 2423 728 2466 nova,
761 2403 1009 2458 Caesareis
1034 2404 1216 2474 ignota
1241 2403 1556 2466 cohortibus,
1586 2423 1710 2457 arva

492 2513 756 2567 Dicentur
781 2514 968 2573 sobolis
994 2514 1262 2584 splendida
1285 2533 1448 2585 regna
1472 2523 1577 2567 tuae
1597 2514 1628 2566 τ’

420 2624 523 2677 Illa
546 2624 740 2695 plagaS,
769 2624 956 2694 aquilae
983 2643 1113 2693 quas
1138 2644 1243 2677 non
1261 2624 1486 2695 tetigere
1512 2624 1762 2695 superbae,

493 2735 703 2803 Gestiet
728 2736 923 2789 invicta
947 2736 1271 2806 praeripuisse
1296 2736 1504 2788 manU.”

422 2958 572 3012 Talia
594 2959 902 3030 grandaevus
928 2968 1074 3013 vates
1094 2980 1105 3011 :
1148 2959 1275 3011 dum
1299 2959 1510 3029 praescia
1533 2958 1632 3012 fati

493 3071 718 3125 Pectora
742 3072 918 3125 divino
942 3072 1173 3125 fervidus
1198 3072 1318 3143 igne
1345 3080 1532 3134 tumet,

419 3182 626 3236 Pronus
652 3192 706 3236 et
731 3184 786 3235 in
812 3184 1026 3236 chordas
1051 3184 1331 3254 plusquam
1356 3182 1576 3236 mortale
1604 3190 1847 3235 sonantes

492 3294 708 3348 Excitat
734 3305 921 3366 arguto
946 3296 1130 3365 pollice
1157 3296 1307 3348 dulce
1333 3295 1507 3347 melos.
