2418 3944
480 417 561 459 196
910 419 1305 461 ANTHOLOGIA
1344 419 1720 462 OXONIENSIS.

1170 550 1235 553 firmi,
1273 551 1276 552 γ
1289 551 1354 553 Ῐῖ--
1364 551 1370 553 ,
1394 551 1402 552 η
1412 551 1424 553 -
1436 551 1439 553 .
1461 551 1506 553 ..ΔΛ
1517 551 1591 553 ,ηἶὴ
1599 552 1602 553 ⁷
1610 550 2248 557 jAQQ———ffl

1297 825 1376 862 IV.

754 938 938 1005 ffleatb
968 940 1023 997 iu
1049 939 1240 999 {manle
1261 943 1365 999 ann
1391 957 1455 1000 nn
1484 958 1516 1001 a
1544 942 1850 1011 ffiitkdssm.

496 1120 558 1176 SI
585 1121 878 1174 miseranda
900 1122 1049 1174 venit
1075 1119 1200 1192 quae'
1218 1143 1352 1177 saevo
1376 1123 1432 1175 in
1459 1125 1636 1178 Marte
1662 1127 1904 1179 cadentes

567 1233 833 1303 Praecipiti
859 1234 1047 1287 sternit
1074 1254 1210 1287 mors
1236 1235 1449 1306 inopina
1473 1257 1666 1301 manu3

495 1344 706 1400 Clamor
729 1345 822 1398 ubi
846 1346 1140 1399 bellantum
1166 1356 1219 1399 et
1244 1349 1470 1417 pectoris
1495 1349 1657 1402 incita
1682 1350 1866 1413 virtUS,

565 1456 640 1508 Et
666 1455 900 1512 stimulat
926 1456 1074 1509 clarae
1100 1477 1203 1510 vox
1229 1458 1458 1512 animosa
1482 1460 1654 1513 tubae:

492 1569 715 1639 Respice
743 1587 902 1637 quam
927 1569 1151 1639 gravior,
1180 1571 1346 1623 centis
1373 1590 1488 1640 quae
1513 1573 1748 1643 passibus
1773 1574 1972 1627 instans

562 1683 812 1737 Imminet
835 1684 1059 1737 insomni
1083 1685 1306 1755 desuper
1331 1705 1468 1756 aegra
1492 1685 1636 1739 toro!

495 1794 697 1848 Sensim
723 1795 815 1847 ubi
842 1815 894 1847 se
920 1795 1152 1848 insinuat
1178 1795 1347 1848 morbi
1373 1797 1696 1865 penetrabile
1725 1796 1883 1860 virus,

562 1906 861 1976 Intimaque
886 1907 1123 1960 occultus
1149 1916 1381 1978 permeat
1408 1928 1520 1961 ossa
1545 1908 1721 1961 dolor:

485 2017 561 2069 Et
586 2017 843 2087 languent
868 2027 1012 2070 artus
1037 2019 1265 2082 tremuli,
1295 2027 1349 2071 et
1374 2019 1464 2071 vix
1490 2019 1682 2088 impete
1708 2037 1825 2072 raro

559 2129 823 2182 Deficiens
848 2130 1027 2183 hebeti
1053 2132 1306 2202 sanguine
1332 2151 1466 2184 vena
1491 2131 1643 2183 cadit.

483 2239 716 2310 Jamque
743 2250 796 2294 et
822 2261 928 2294 nox
953 2243 1130 2295 oculos
1156 2243 1305 2313 pigra
1330 2242 1551 2313 caligine
1575 2241 1869 2303 obumbrat,

558 2351 633 2404 Et
659 2351 750 2404 vix
776 2371 867 2403 ora
891 2371 1105 2422 gravem
1132 2352 1377 2422 spiritum
1403 2352 1591 2404 anhela
1615 2351 1856 2404 trahunt:

487 2461 626 2513 Tum
652 2461 949 2513 circumfusi
975 2461 1181 2531 trepida
1205 2461 1482 2514 formidine
1509 2461 1662 2513 amici

556 2573 813 2637 Mussare,
842 2582 895 2627 et
921 2573 1079 2626 dubia
1105 2591 1345 2644 spargere
1371 2592 1496 2626 voce
1520 2581 1754 2635 metum3

483 2682 639 2736 Adde
666 2684 823 2736 etiam
848 2684 1208 2754 lacrymasque
1235 2685 1434 2747 domus,
1455 2684 1802 2754 planctusque
1830 2703 2059 2748 suorum,

557 2796 728 2859 Adde,
759 2796 950 2865 quibus
977 2797 1168 2866 conjux
1194 2795 1352 2849 deflet
1378 2805 1551 2848 amata
1576 2796 1777 2847 virum:

484 2908 615 2960 Haec
641 2917 842 2979 angunt
857 2909 1165 2961 morientem
1185 2908 1386 2960 —hinc
1410 2907 1591 2960 mortis
1618 2907 1838 2959 amarior
1861 2907 1989 2960 hora
2013 2916 2109 2970 est,

558 3018 681 3084 Quo
707 3017 871 3087 magis
896 3026 1018 3069 ante
1044 3017 1220 3070 oculos
1247 3037 1362 3085 quae
1389 3017 1486 3070 tibi
1512 3017 1687 3070 demat
1713 3016 1886 3070 habes.

1992 3107 2052 3140 w.
