2418 3944
722 437 1119 479 ANTHOLOGIA
1162 435 1536 478 OXONIENSIS.
1890 437 1972 479 291

1062 851 1195 887 VIII.

365 962 464 1023 Qu
489 963 732 1022 3Eff2ttuz
771 962 996 1035 requirat
1034 962 1290 1034 figentem
1329 961 1433 1020 sihi
1471 961 1922 1035 proportionatum.

1059 1091 1182 1131 Anffl.

322 1212 671 1265 PLANITIEM
696 1215 751 1265 in
776 1232 1034 1284 magnam,
1063 1221 1117 1265 et
1143 1231 1351 1283 campos
1375 1221 1617 1283 porrecta
1642 1220 1899 1283 patenteS‚

401 1324 526 1393 Qua
550 1325 812 1379 Pelusiaci
835 1326 1028 1380 littoris
1055 1346 1145 1379 ora
1162 1327 1322 1396 jacet,

329 1435 527 1490 Nullus
551 1436 626 1490 ibi
653 1446 860 1491 arentes
884 1445 1052 1491 terras
1077 1456 1175 1491 nee
1200 1437 1434 1491 roscidus
1460 1436 1664 1500 humor,

399 1547 458 1601 N
461 1567 520 1602 ee
544 1548 718 1620 gelida
743 1548 999 1602 aethereus
1025 1556 1226 1601 recreat
1250 1547 1418 1601 imber
1444 1567 1583 1616 aqua
1597 1567 1610 1610 3

333 1658 439 1714 Sed
462 1659 568 1713 late
595 1659 730 1713 vasti
757 1659 953 1713 effusus
979 1679 1136 1730 super
1161 1679 1371 1728 aequora
1396 1659 1566 1730 campi

401 1772 559 1825 Nilus
583 1767 837 1843 praeeipiti
863 1791 1109 1842 spumeus
1136 1791 1288 1825 amne
1313 1770 1437 1824 ruit.

329 1883 469 1936 Tum
495 1903 644 1937 versa
668 1902 844 1936 rerum
869 1865 1016 1947 faeie,
1044 1901 1235 1954 magno
1262 1883 1437 1935 omnia
1460 1882 1628 1935 fluctu

403 1995 671 2051 Continuo
697 2004 751 2049 et
777 1996 917 2048 tristi
941 2015 1109 2049 mersa
1134 1995 1324 2066 palude
1350 1994 1476 2066 tegi.
1511 2048 1515 2051 .

329 2106 464 2161 Mox
488 2107 582 2161 ubi
600 2109 714 2178 jam
738 2108 933 2161 refluus
958 2108 1126 2178 priseo
1153 2127 1206 2161 se
1233 2107 1467 2161 condidit
1493 2106 1658 2170 alveO,

400 2217 622 2271 Pacatas
648 2218 863 2272 volvens
887 2219 1053 2272 lenior
1078 2218 1243 2271 amnis
1269 2237 1448 2287 aquae,

331 2329 471 2383 Tum
496 2349 620 2384 vero
646 2329 825 2384 solitos
850 2331 1110 2384 instaurat
1136 2331 1237 2385 rite
1263 2332 1468 2385 labores

402 2439 668 2512 Agricola,
697 2450 751 2494 et
777 2440 994 2494 madidae
1020 2442 1219 2495 semina
1244 2442 1410 2495 eredit
1436 2443 1609 2496 hume.

330 2561 446 2615 Nee
470 2566 631 2626 mora,
660 2562 750 2615 sed
774 2562 985 2634 pinguis
1012 2562 1152 2616 felici
1178 2563 1377 2635 uligine
1403 2564 1562 2617 tellus

404 2672 610 2727 Sufficit
634 2673 691 2725 in
716 2682 919 2745 segetes
944 2694 1135 2746 magna
1160 2675 1410 2729 alimenta
1435 2696 1610 2729 novas.

330 2781 475 2835 Hine
498 2802 622 2836 mox
647 2783 767 2836 laeta
791 2783 944 2847 nitet,
973 2784 1183 2853 qualem
1209 2803 1383 2854 neque
1412 2784 1651 2855 Gargara
1675 2803 1913 2847 messem,

402 2892 584 2946 Ubere
609 2912 706 2947 nee
723 2895 891 2964 jactat
918 2895 1107 2948 fertilis
1134 2896 1291 2948 Enna
1316 2896 1441 2949 solo.

331 3004 492 3068 Hine,
521 3004 782 3077 AEgypte,
811 3008 936 3060 olim
962 3009 1107 3062 varia
1132 3018 1186 3062 te
1212 3010 1363 3080 fruge
1389 3009 1614 3061 feracem

405 3117 664 3172 Altrieem
689 3121 903 3191 agnovit
929 3122 1156 3175 maxima
1182 3123 1354 3175 Roma
1379 3142 1547 3174 suum.
