2418 3944
723 418 1115 460 ANTHOLOGIA
1144 419 1533 461 VOXONIENSIS.

1099 992 1178 1028 VI.

625 1122 855 1183 afflantae
879 1122 1222 1182 fflehanmsis
1251 1123 1639 1182 wantfuntula.

384 1292 763 1348 MONTICOLAE
802 1292 1026 1345 dormire
1055 1293 1264 1362 jubent,
1312 1292 1645 1364 Superosque
1683 1294 1897 1365 precari,

454 1404 656 1474 Meque
682 1423 868 1475 vagam
893 1424 1018 1456 sana
1041 1412 1217 1456 mente
1243 1423 1416 1457 carere
1442 1404 1649 1458 ferunt:

383 1516 508 1569 Non
534 1535 631 1587 ego
656 1524 905 1568 montano
930 1535 1140 1586 possum
1165 1515 1390 1568 dormire
1416 1516 1608 1579 eubili3

455 1627 579 1681 Non
606 1646 702 1698 ego
727 1635 976 1679 montana
1000 1626 1216 1680 reddere
1242 1646 1368 1680 voce
1394 1646 1586 1697 preces

385 1737 442 1793 Si
466 1746 643 1791 tamen
671 1737 898 1790 Allanus
925 1758 1030 1807 qua
1055 1738 1286 1791 volvit-ur
1312 1758 1498 1792 aureus
1526 1758 1707 1802 essem,

453 1851 570 1906 Aut
594 1852 686 1905 ubi
711 1852 898 1904 natalis
927 1852 1146 1905 Devana
1170 1853 1354 1906 lambit
1379 1873 1558 1924 agros3

384 1963 629 2019 Suaviter
655 1963 705 2018 O
732 1963 838 2017 illio
864 1964 1158 2027 dormirem,
1189 1973 1243 2017 et
1268 1965 1387 2017 laeta
1412 1984 1649 2035 precarer

453 2075 720 2130 Conderet
744 2085 807 2129 ut
832 2076 1037 2129 tristem
1063 2096 1168 2129 nox
1193 2077 1321 2129 mihi
1347 2097 1547 2129 summa
1572 2077 1725 2130 diem.

379 2187 500 2240 Hoc
523 2187 735 2241 voluere
760 2188 915 2241 modo
938 2189 1121 2259 longos
1146 2209 1230 2242 me
1256 2190 1454 2261 fingere
1480 2190 1664 2254 crines,

451 2295 717 2366 Castaque
742 2296 966 2350 taediferi
990 2298 1188 2368 templa
1212 2299 1387 2351 subire
1412 2298 1529 2362 dei3

379 2408 520 2462 Nam
543 2409 674 2461 mihi
699 2409 947 2463 dixerunt
972 2410 1297 2481 hymenaeam
1324 2431 1535 2483 surgere
1560 2411 1748 2475 lucem,

450 2521 686 2591 Visaque
712 2541 828 2574 sum
854 2542 1041 2593 sponso
1066 2531 1232 2593 nupta
1257 2523 1435 2576 futura
1459 2543 1589 2576 meo.

377 2623 498 2679 Ah!
535 2626 670 2679 male
695 2626 916 2680 funestae
940 2635 1120 2697 pereat
1145 2628 1285 2679 fraus
1311 2627 1471 2698 impia
1494 2627 1690 2680 dextrae

453 2734 719 2806 Sanguine
746 2755 861 2806 quae
886 2736 1019 2789 risus
1044 2737 1225 2789 mersit
1251 2737 1431 2790 adorta
1456 2740 1654 2791 breves,

378 2845 534 2900 Heu!
572 2847 676 2900 cito
701 2848 925 2901 blanditi
948 2848 1205 2920 fugientia
1231 2849 1430 2902 somnia
1454 2848 1552 2902 visi
1574 2849 1584 2902 1

454 2957 577 3012 Heu
599 2958 610 3012 ἶ
648 2959 833 3031 vigiles
858 2960 1027 3024 fletus,
1057 2969 1110 3014 et
1135 2960 1273 3013 mala
1296 2979 1420 3014 vera
1445 2960 1628 3012 nimis!

1929 424 1980 464 13
