2418 3944
726 442 1124 486 ANTHOLOGIA
1166 443 1547 486 OXONIENSIS.
1644 420 1647 423 ’
1906 448 1994 490 263

410 707 528 772 Ille,
556 707 665 762 deae
690 708 896 762 monitu
921 717 1083 779 atque
1109 710 1386 764 animosior
1410 718 1522 765 arte
1547 722 1794 777 resumta,

426 826 462 850 ‘⁶
479 817 671 882 Diva,”
697 819 787 882 ait,
818 827 852 850 “
876 819 985 873 haec
1010 820 1175 891 culpae
1201 821 1269 874 sit
1294 822 1392 875 tibi
1416 842 1570 893 poena
1593 843 1734 877 meae.

0 942 14 980 τ’
407 929 612 984 Ponam
635 930 775 984 inter
798 931 1012 994 mediOS,
1040 941 1240 985 sacrata
1263 933 1583 997 umbracula,
1610 935 1788 1000 saltus,

481 1041 644 1113 Signa
670 1042 861 1112 quibus
887 1063 1022 1096 verae
1047 1043 1394 1097 restituentur
1419 1065 1573 1099 aves:

408 1152 565 1207 Vcrae
589 1153 646 1206 in
670 1162 840 1207 morte
865 1162 1060 1218 tamen,
1089 1155 1270 1224 quales
1289 1157 1501 1226 jacuere
1528 1158 1626 1212 sub
1652 1160 1759 1212 alta

482 1263 628 1328 Ilice,
649 1264 867 1334 jamque
893 1263 1066 1316 anima
1090 1264 1365 1319 deficiente
1389 1286 1553 1337 pares·

408 1374 604 1446 Aspice
630 1375 943 1447 languentes
969 1375 1172 1429 deflexo
1197 1377 1254 1428 in
1278 1397 1536 1433 marmore
1559 1399 1760 1450 pennas
1781 1381 1792 1434 l

482 1489 681 1560 Aspice
703 1489 714 1542 1
755 1509 871 1559 quae
896 1489 1088 1560 plumis
1113 1490 1283 1561 gratia
1307 1500 1475 1544 morte
1501 1493 1706 1547 manet!

409 1600 526 1654 Has
550 1609 630 1664 tu,
660 1600 816 1663 Diva,
844 1608 964 1653 tuas
989 1620 1056 1653 ne
1082 1601 1364 1672 dedignare
1390 1603 1487 1656 sub
1513 1623 1626 1656 aras

480 1713 755 1784 Accipere,
783 1714 892 1766 haec
917 1733 1080 1784 poenae
1106 1723 1247 1767 stent
1272 1724 1613 1768 monumenta
1636 1735 1778 1769 meae.

410 1824 499 1880 Sic
524 1825 623 1878 tibi
646 1825 853 1878 laetifico
878 1832 1086 1879 resonet
1112 1826 1336 1880 clamore
1365 1826 1647 1891 Cithaeron,

479 1937 722 2009 Taygeta
747 1947 801 1991 et
827 1938 982 1991 variis
1008 1938 1112 1991 sint
1138 1939 1236 1992 tibi
1260 1940 1416 2010 plena
1441 1939 1594 1994 feris:

334 2063 338 2065 ’
411 2048 501 2103 Sic
528 2057 624 2101 tua
649 2049 882 2102 delubris
908 2068 1036 2102 auro
1063 2057 1303 2103 servetur
1335 2050 1525 2122 imagO,

480 2158 586 2214 Cui
611 2160 791 2223 vitam,
819 2168 981 2230 atque
1008 2161 1222 2225 animOS,
1251 2170 1305 2215 et
1330 2163 1488 2216 decus
1513 2164 1623 2235 ipse
1649 2164 1831 2219 dabo.’'

1841 2277 1900 2310 W.

1118 2576 1213 2614 LX.

1066 2683 1253 2743 OEtrta.

999 2839 1202 2896 Βιόόωρος
1223 2837 1311 2883 αἶα.

330 2949 553 3014 ΤΕΒΒΑ,
581 2971 769 3022 parens
794 2954 1010 3025 frugum
1035 2953 1047 3008 l
1086 2963 1180 3008 tua
1205 2963 1344 3018 sunt,
1374 2974 1490 3024 quae
1517 2955 1715 3008 credita
1740 2954 1941 3019 reddis3

397 3062 611 3132 Proque
635 3071 730 3116 tuo
754 3065 924 3118 foenus
948 3086 1166 3120 munere
1194 3067 1352 3120 solvit
1380 3085 1518 3138 ager.

326 3171 522 3246 Qualia
545 3173 725 3227 nativo
750 3174 934 3244 pandis
960 3177 1258 3246 spectacula
1282 3177 1415 3230 luxu
1435 3176 1447 3229 l

397 3283 632 3356 Pinguia
657 3304 763 3355 quo
788 3287 932 3341 vario
957 3306 1080 3340 rura
1104 3287 1288 3341 decore
1315 3285 1529 3357 patent!
