2418 3944
1027 762 1191 799 LXIV.

822 878 993 939 &liure
1018 878 1388 951 Epitaphium.

825 1036 1022 1076 ΤΙΡΡΟ.
1106 1037 1172 1075 IN
1204 1036 1404 1075 VILLA.

424 1172 612 1225 TIPPO
638 1191 736 1243 ego
761 1171 845 1224 hio
863 1173 1029 1242 jaceo,
1057 1171 1283 1242 lapidem
1307 1190 1374 1224 ne
1401 1190 1600 1241 sperne,
1629 1171 1815 1234 viator,

497 1283 608 1352 Qui
633 1283 728 1337 tali
753 1283 1026 1354 impositus
1053 1291 1158 1335 stat
1184 1301 1340 1352 super
1365 1301 1480 1335 ossa
1505 1282 1635 1334 eani.

421 1395 601 1466 Larga
624 1394 697 1446 mi
722 1403 911 1447 natura
934 1414 1093 1446 manu
1118 1393 1263 1447 dedit
1289 1393 1478 1456 omnia,
1507 1401 1744 1445 nostrum

496 1506 841 1576 Quaeeunque
867 1515 1124 1559 exornant
1150 1505 1538 1575 nobilitantque
1564 1523 1731 1576 genus
1752 1525 1764 1556 ι

421 1618 610 1672 Robur
635 1627 748 1672 erat
774 1617 1020 1682 validum,
1048 1618 1226 1670 formae
1251 1617 1506 1670 concinna
1530 1625 1791 1679 venustaS,

496 1729 725 1802 Ingenui
749 1749 932 1792 moreS‚
961 1729 1272 1782 intemerata
1295 1728 1438 1781 fides,

426 1840 541 1894 Neo
565 1841 729 1912 pudet
754 1840 908 1894 invisi
933 1860 1123 1894 nomen
1148 1840 1363 1911 gessisse
1387 1839 1618 1911 tyranni,

501 1949 559 2005 Si
584 1959 694 2003 tam
720 1950 955 2003 dissimili
980 1949 1206 2003 viximus
1231 1949 1457 2020 ingenio.

428 2062 735 2133 Naufragus
759 2062 814 2114 in
838 2062 980 2115 nuda
1008 2061 1254 2115 Tenbeiae
1280 2062 1476 2131 ejectus
1503 2080 1675 2125 arena,

500 2173 717 2227 Ploravi
741 2173 951 2227 domino
977 2192 1061 2226 me
1088 2191 1357 2244 superesse
1383 2191 1515 2224 meo.

430 2284 607 2352 Quem
631 2284 759 2337 mihi
783 2285 1009 2338 luctanti
1033 2285 1245 2348 frustra,
1272 2284 1574 2354 frustraque
1592 2284 1821 2354 juvanti,

503 2396 823 2467 Abreptum,
852 2395 1031 2448 oceani
1056 2396 1111 2448 in
1136 2395 1347 2467 gurgite
1372 2395 1554 2449 mersit
1579 2395 1778 2466 hyems·

433 2506 588 2562 Solus
613 2525 712 2577 ego
738 2525 927 2577 sospeS,
956 2507 1047 2560 sed
1072 2526 1203 2576 quas
1227 2507 1384 2560 miser
1407 2506 1495 2560 ille
1521 2506 1741 2560 tabellas

502 2619 680 2672 Morte
705 2618 835 2670 mihi
858 2619 914 2671 in
938 2618 1108 2672 media
1133 2618 1367 2683 credidit,
1396 2638 1484 2672 ore
1510 2619 1698 2672 ferens·

429 2730 592 2784 Dulci
615 2703 699 2782 me
723 2729 948 2800 hospitio
973 2729 1154 2801 Belgae
1179 2748 1430 2800 excepere
1456 2730 1641 2792 coloni,

503 2841 628 2911 Ipsa
652 2840 811 2894 etiam
835 2840 916 2892 his
938 2839 1065 2894 olim
1088 2859 1217 2910 gens
1243 2839 1411 2892 aliena
1436 2839 1616 2910 plagis.

432 2957 507 3010 Et
532 2956 660 3009 mihi
683 2965 894 3028 gratum
920 2964 1032 3010 erat
1056 2956 1113 3008 in
1137 2956 1294 3027 longa
1319 2955 1590 3026 spatiarier
1614 2975 1720 3018 ora,

505 3066 582 3119 Et
608 3085 911 3136 quanquam
935 3065 1096 3119 infido
1121 3066 1354 3119 membra
1378 3066 1552 3118 lavare
1578 3065 1737 3127 mari3

435 3176 664 3232 Gratum
688 3184 800 3230 erat
826 3176 1016 3229 aestivis
1040 3194 1322 3246 puerorum
1347 3174 1631 3246 adjungere
1657 3173 1843 3227 turmis

507 3287 829 3357 Participem
852 3287 998 3340 lusus
1023 3306 1123 3351 me,
1152 3286 1502 3355 comitemque
1529 3285 1639 3338 viae.

703 449 1101 492 ANTHOLOGIA
1142 449 1518 491 OXONIENSIS.
1875 448 1960 492 267

2046 483 2049 577 Ι
