2418 3944
679 412 1074 455 ANTHOLOGIA
1118 413 1490 455 OXONIENSIS.

1044 686 1140 723 XL.

844 798 1057 871 Etrupta
1095 799 1327 873 Qssopula.

908 953 1090 1008 Χρύσεος
1111 956 1280 1006 πόρκης.

341 1085 593 1139 AUREUS
618 1086 712 1150 est,
739 1106 856 1141 mea
879 1088 1002 1141 lux!
1041 1089 1134 1158 qui
1157 1098 1212 1143 te
1237 1089 1364 1141 mihi
1380 1088 1561 1160 jungit
1587 1097 1865 1151 amantem,

417 1195 697 1250 Annulus:
740 1199 1055 1270 exemplum,
1085 1201 1226 1269 quod
1250 1221 1569 1263 moneamur,
1597 1200 1771 1254 habet.

341 1306 557 1362 Aureus
580 1308 636 1360 in
661 1328 772 1363 sese
797 1310 945 1363 velut
969 1310 1054 1364 hic
1078 1311 1214 1364 redit
1239 1311 1376 1365 orbis
1402 1311 1641 1374 eundem,

413 1419 598 1474 Aurea
620 1429 876 1491 perpetuo
901 1421 973 1474 sic
999 1430 1084 1475 eat
1109 1423 1232 1476 orbe
1257 1423 1415 1476 fides!

1026 1916 1149 1952 XLI.

633 2030 706 2088 ἔτι
745 2028 984 2088 &bitum
1021 2029 1249 2095 OEbnmae
1286 2027 1513 2088 Ξῦυῦῐείί.

348 2179 412 2235 SI
439 2180 545 2234 sint
569 2180 776 2234 vivaces
800 2180 1071 2234 hominum
1095 2189 1436 2261 monumenta
1459 2180 1638 2244 libelli,

417 2293 649 2346 Nomine
675 2293 718 2346 si
743 2292 927 2364 dignos
954 2292 1114 2345 Musa
1138 2293 1307 2363 perire
1332 2301 1478 2347 vetet
1499 2314 1511 2346 τ

345 2404 522 2473 Quam
545 2405 710 2466 famae,
739 2404 972 2468 Bodleie,
999 2414 1105 2458 tuae
1129 2415 1470 2460 monumenta
1495 2416 1774 2478 supersunt

415 2514 670 2578 Plurima,
711 2534 976 2585 quamque
1002 2516 1100 2570 tibi
1125 2525 1205 2570 est
1230 2517 1407 2570 debita
1429 2518 1587 2590 longa
1611 2518 1720 2572 dies
1742 2519 1754 2572 l

345 2626 461 2680 Nec
477 2627 684 2697 justum
709 2646 842 2691 reor,
869 2635 931 2681 ut
955 2648 1111 2692 morS,
1140 2649 1257 2698 quae
1283 2637 1462 2684 tamen
1487 2631 1729 2684 omnibus
1754 2650 1860 2683 una

415 2738 645 2802 Dicitur,
674 2738 861 2808 aequali
886 2738 954 2792 sit
979 2739 1079 2793 tibi
1103 2740 1219 2812 lege
1245 2741 1382 2794 data.

341 2849 488 2921 Ergo
511 2849 744 2903 mortalis
770 2850 911 2919 quod
935 2851 1056 2903 vitae
1082 2851 1220 2905 Fata
1244 2862 1522 2923 negarunt,

400 2948 685 3014 'Concedet
709 2979 832 3013 serae
857 2960 1175 3031 posteritatis
1201 2981 1375 3025 amor3

342 3069 419 3123 Et
443 3089 581 3123 nova
603 3089 920 3141 consurgens
946 3070 1069 3123 olim
1093 3071 1376 3124 testabitur
1399 3081 1539 3136 oetaS,

419 3181 595 3250 Quam
618 3182 808 3253 dignus
833 3182 993 3236 fueris
1018 3202 1123 3236 non
1149 3184 1381 3254 potuisse
1406 3184 1552 3237 mori.

859 3303 945 3337 Gul.
963 3304 1080 3337 Laud.
1099 3304 1134 3338 S.
1148 3305 1188 3338 T.
1203 3305 1247 3338 D.
1266 3305 1361 3339 Coll.
1379 3305 1468 3339 Joh.
1487 3307 1601 3340 Proes.
1619 3307 1718 3340 A.D.
1736 3307 1832 3340 1613.

1753 3513 1774 3537 k<
