2418 3944
672 436 1070 478 ANTHOLOGIA
1113 436 1488 478 OXONIENSIS.
1863 439 1950 480 243

1026 789 1200 826 XLIII.

981 914 1233 980 OEithata.

0 984 31 1112 ξ
890 1038 1055 1091 Ὀλίγον
1071 1052 1113 1076 τε
1135 1038 1255 1090 φίλον
1277 1050 1333 1077 τε.

0 1113 13 1150 ξ

0 1207 9 1272 ἓ

501 1180 732 1248 QUALIS
756 1180 1034 1252 frugiferas
1058 1180 1273 1234 flumine
1298 1180 1515 1251 prodigo

500 1291 609 1345 Per
632 1291 795 1345 valles
820 1291 1055 1345 tumidus
1079 1291 1326 1354 volvitur,
1348 1291 1564 1345 uberem

0 1419 45 1496 Ξ
83 1459 89 1465 ,
224 1450 227 1451 ⁷
499 1405 828 1459 Foecundans
855 1413 1089 1477 segetem
1117 1405 1290 1468 Nilus,
1319 1413 1374 1458 et
1399 1424 1558 1458 aurea

862 1514 1088 1586 Campos
1114 1515 1311 1568 diluvie
1337 1515 1526 1586 rigans.

500 1626 559 1681 Si
581 1635 793 1698 gratum
817 1627 1098 1681 vehemens
1124 1626 1412 1679 Maeonides
1436 1626 1585 1697 gravi

495 1737 804 1808 Prorumpit
829 1757 1065 1800 numero,
1094 1757 1187 1791 seu
1211 1737 1601 1808 lacrymabilem

497 1847 696 1902 Pelidae
720 1819 932 1913 rabiem,
961 1869 1055 1903 seu
1079 1849 1296 1902 viduum
1323 1849 1465 1902 canit

864 1959 995 2013 Acri
1020 1960 1269 2031 progenie
1296 1980 1475 2014 senem
1496 1980 1509 2023 3

503 2070 611 2124 Seu
636 2070 808 2123 clarus
831 2070 992 2124 rutilo
1017 2071 1236 2125 fulmine
1262 2071 1483 2142 Jupiter

497 2179 852 2251 Neptunusve
877 2180 1056 2234 furens
1082 2181 1290 2244 (licitur,
1317 2182 1557 2236 intimam

500 2293 769 2347 Tellurem
797 2293 1056 2363 quatienS,
1085 2302 1139 2347 et
1156 2294 1290 2365 juga
1313 2294 1590 2357 montium,
1619 2301 1674 2347 et

861 2405 1111 2459 Plutonis
1136 2425 1355 2459 vacuam
1381 2405 1608 2459 domum.

498 2513 622 2567 Non
645 2514 756 2568 haec
780 2522 931 2568 tanta
942 2514 1060 2569 devi
1084 2515 1405 2569 conveniunt
1430 2515 1574 2586 lyrae,

499 2627 634 2696 Quae
658 2629 871 2682 mollem
896 2629 1107 2683 choreas
1132 2630 1327 2683 rectius
1353 2630 1418 2683 ad
1443 2630 1645 2700 pedem,

497 2738 928 2811 Permistumque
951 2750 1100 2795 metu
1125 2762 1270 2813 spem
1296 2742 1472 2806 dubie,
1495 2751 1549 2797 et
1574 2743 1759 2796 breves

858 2853 1025 2906 Rixas
1050 2853 1190 2907 dieat
1215 2855 1519 2907 amantium.

500 2959 589 3014 Sic
613 2961 738 3014 olim
762 2970 949 3016 tenues
974 2964 1124 3017 laetus
1151 2963 1432 3019 Anacreon

497 3071 658 3126 Lusit
682 3074 980 3139 versiCUIOS,
1009 3083 1063 3129 et
1089 3076 1300 3129 eitharae
1324 3076 1492 3130 modis

495 3181 733 3247 Lesboae,
759 3183 1018 3255 ingemuit
1043 3185 1218 3238 saucia
1240 3185 1403 3240 flebili

859 3294 1069 3366 Sappho
1094 3297 1249 3350 eorda
1273 3296 1530 3367 cupidine.
