2418 3944
710 449 1106 492 ANTHOLOGIA
1148 448 1519 490 OXONIENSIS.

1043 1032 1206 1068 LXVI.

726 1156 978 1229 §Raptim
1004 1155 1158 1231 ἦβεῑεί
1185 1163 1230 1213 et
1255 1155 1529 1221 OEbetffluz.

373 1325 520 1378 DUM
549 1326 750 1390 Thetis,
778 1326 1057 1379 AEacidem
1082 1346 1188 1379 non
1213 1326 1494 1397 dedignata
1517 1325 1781 1387 maritum,

447 1438 720 1491 Peliacum
744 1436 923 1490 invisit
950 1457 1136 1508 sponsa
1158 1437 1315 1490 beata
1338 1456 1540 1500 nemUS,

375 1547 488 1619 Ipsi
513 1548 704 1600 adsunt
735 1546 925 1618 Superi
951 1547 1107 1600 sacris
1127 1546 1442 1609 solennibus,
1471 1546 1570 1616 ipsi

450 1658 763 1730 Magnificas
789 1659 991 1730 agitant
1016 1678 1110 1729 per
1126 1659 1259 1728 juga
1284 1657 1420 1710 celsa
1445 1657 1616 1727 dapes,

375 1770 574 1825 Pulcer
598 1771 838 1825 odoratos
866 1770 1204 1841 Ganymedes
1228 1770 1454 1823 nectaris
1479 1769 1700 1821 haustus

452 1881 689 1953 Porrigit
712 1902 724 1945 ς
755 1852 1012 1935 ambrosio
1039 1890 1118 1935 est
1142 1901 1322 1934 mensa
1345 1889 1529 1951 parata
1554 1880 1697 1933 cibo:

379 1992 596 2045 Adsunt
622 1992 859 2046 Pierides
886 1992 1073 2055 Musae,
1102 2000 1156 2045 et
1182 1990 1532 2044 modulamine
1559 1990 1700 2043 dulci

453 2102 766 2156 Attrectant
791 2102 1027 2155 tremulae
1051 2101 1141 2154 fila
1166 2121 1350 2154 sonora
1374 2101 1516 2172 lyrae.

380 2214 524 2268 Dein
548 2222 604 2267 te
631 2213 958 2267 conclamant
987 2213 1298 2284 Hymenaee,
1323 2212 1627 2282 Thetinque
1651 2213 1919 2277 marinam,

453 2326 529 2379 Et
553 2325 861 2379 bellatorem
887 2324 1050 2378 Pelea
1074 2324 1174 2377 rite
1201 2332 1412 2377 canunt.

381 2438 435 2491 N
436 2457 542 2491 unc
567 2437 725 2490 etiam
750 2445 804 2490 et
829 2437 978 2507 ponti
1003 2456 1267 2507 spumosas
1291 2445 1505 2508 propter
1530 2456 1727 2500 arenaS,

454 2548 710 2602 Nereides
734 2548 895 2602 festos
921 2548 1282 2602 concelebrare
1309 2549 1504 2602 choros,

383 2661 505 2716 Hac
531 2662 726 2716 etenim
753 2662 932 2732 stirpe,
964 2670 1017 2716 et
1044 2681 1235 2732 magno
1260 2662 1359 2715 hoc
1384 2662 1448 2715 de
1476 2661 1671 2715 semine
1700 2660 1936 2714 Achilles

461 2772 672 2845 Surget,
701 2781 756 2826 et
781 2773 1047 2826 indomitis
1073 2773 1274 2827 viribus
1299 2793 1442 2826 arma
1465 2782 1629 2844 geret.

385 2884 531 2937 Hinc
554 2884 654 2938 erit
679 2884 767 2937 ille
793 2884 918 2947 dies,
948 2884 1150 2937 Priami
1175 2904 1281 2954 quo
1307 2885 1474 2938 invisa
1498 2903 1727 2955 propago

456 2993 534 3047 Et
551 2994 698 3064 justo
722 3013 900 3064 poenas
924 2993 1110 3048 funere
1139 2994 1297 3064 Troja
1321 2994 1448 3048 luet.
