2418 3944
703 429 1099 471 ANTHOLOGIA
1141 427 1496 470 OXONIENSIS
1503 455 1515 468 .
1900 428 1980 469 231

1047 755 1215 790 XXXI.

974 867 1317 939 ‘stanganzia

960 995 1314 1038 ARGUMENTUM.

375 1097 585 1143 Ecclesiae
606 1099 837 1157 cujusdam
860 1116 996 1159 prope
1017 1101 1211 1144 Bernam
1232 1100 1278 1143 in
1300 1099 1510 1143 Helvetia
1538 1100 1768 1158 presbyter
1790 1097 1969 1157 conjugi

315 1190 419 1228 suae,
440 1175 586 1234 primo
607 1175 652 1218 in
674 1176 910 1234 puerperio
942 1177 1164 1230 extinctae,
1196 1184 1533 1220 monumentum
1563 1177 1682 1220 hunc
1713 1176 1759 1219 in
1790 1177 1969 1219 modum

315 1252 412 1297 fieri
451 1252 606 1296 voluit.
669 1253 884 1312 Lapidem
933 1254 1108 1297 tumulo
1148 1254 1415 1312 impositum,
1467 1262 1513 1298 et
1563 1253 1689 1312 quasi
1738 1252 1970 1312 repentino

315 1329 484 1373 ult-imae
513 1329 631 1373 illius
672 1331 792 1373 tubae
824 1331 999 1389 fragore
1030 1330 1294 1389 disruptum,
1327 1331 1558 1375 sublevare
1589 1330 1768 1374 videtur
1798 1329 1970 1384 mulier,

315 1406 517 1451 habitum
557 1408 846 1465 sepulcralem
886 1416 986 1466 post
1026 1423 1071 1451 se
1111 1408 1326 1466 rejiciens,
1365 1416 1410 1452 et
1458 1408 1503 1451 in
1553 1410 1784 1452 beatorum
1832 1410 1969 1463 sedes,

314 1486 470 1530 eodem
490 1485 654 1529 coelesti
675 1486 832 1539 accitu,
855 1488 1149 1530 conscendere
1170 1486 1374 1544 gestiens.

375 1562 523 1616 Quam
562 1563 906 1622 pulcherrimam
957 1580 1108 1608 rerum
1158 1563 1452 1607 maximarum
1493 1563 1728 1623 imaginem
1768 1564 1972 1609 admirati

308 1642 499 1700 juvenes
528 1643 617 1685 duo
637 1641 801 1685 ibidem
836 1641 1182 1700 peregrinantes,
1209 1642 1336 1685 AEdis
1365 1641 1529 1686 Christi
1558 1657 1665 1686 vero
1696 1643 1815 1700 apud
1846 1642 1969 1687 Oxo-

315 1719 487 1764 nienses
537 1720 657 1763 haud
706 1720 769 1764 ita
807 1720 979 1778 pridem
1030 1720 1209 1773 alumni,
1261 1721 1436 1763 easdem
1476 1719 1544 1763 his
1594 1721 1672 1779 qui
1723 1728 1973 1779 sequuntur

315 1796 517 1841 versibus
538 1804 771 1856 utcunque
792 1797 1043 1856 exprimere
1065 1799 1353 1841 conabantur.

954 1931 1114 1975 Viduas·
1134 1932 1330 1989 loquitur.

415 2047 473 2100 N
478 2063 638 2100 ULLA
662 2047 765 2100 mei
790 2055 1023 2100 ostentat
1047 2047 1178 2118 lapis
1203 2047 1289 2100 hic
1313 2047 1538 2118 insignia
1562 2047 1737 2100 luctus

491 2156 778 2227 Impositus
803 2156 981 2221 cineri,
1010 2176 1130 2210 cara
1156 2157 1347 2221 Maria,
1375 2166 1500 2210 tuo:

419 2267 534 2321 Nec
559 2268 659 2321 tibi
685 2268 1037 2322 condecorant
1063 2269 1217 2322 solito
1242 2269 1308 2322 de
1334 2289 1478 2322 more
1506 2269 1821 2339 sepulcrum,

495 2376 795 2432 Sollicitent
820 2379 976 2432 fletus
1003 2379 1392 2448 qualiacunque
1418 2399 1596 2432 novos·

419 2488 577 2542 Heu-1
615 2489 768 2542 nimis
793 2489 892 2542 iste
917 2489 1080 2553 dolor,
1108 2490 1262 2543 nimis
1287 2490 1390 2543 ista
1413 2502 1647 2544 recursat
1673 2490 1873 2562 imago!

491 2601 566 2654 Et
593 2602 841 2674 quianam
867 2602 976 2655 haec
1002 2602 1175 2655 animo
1201 2602 1307 2656 sint
1333 2603 1608 2656 referenda
1634 2605 1788 2656 meo?

418 2717 532 2770 Has
556 2737 717 2788 prope
742 2718 1026 2787 relliquiaS‚
1054 2718 1261 2787 quoties
1286 2727 1379 2772 aut
1404 2719 1582 2772 debita
1606 2719 1762 2772 sacris

491 2827 696 2891 Officia,
725 2837 819 2881 aut
843 2829 979 2881 fidus
1005 2848 1089 2881 me
1115 2829 1374 2883 revocarit
1399 2850 1558 2893 amor,

419 2942 534 2994 Has
560 2961 722 3012 prope
748 2943 1032 3012 relliquiaS,
1061 2962 1209 3014 aegrae
1236 2943 1422 2996 solatia
1446 2944 1612 2997 menti

495 3052 635 3108 Sunt
659 3054 851 3123 aliqua,
880 3063 934 3108 et
960 3055 1202 3125 lacrymis
1228 3055 1543 3108 invenienda
1568 3055 1731 3124 quies.

419 3165 527 3218 Hic
551 3174 646 3218 tua
670 3185 754 3219 me
780 3163 964 3229 reficit,
993 3175 1087 3218 tua
1112 3186 1195 3219 me
1221 3166 1455 3219 rediviva
1482 3175 1721 3219 tuentem

492 3276 711 3347 Effigies
738 3271 834 3329 aevi
860 3295 950 3347 spe
977 3276 1203 3329 melioris
1229 3276 1338 3329 alit.
