2418 3944
323 497 326 512 ⁹
408 441 456 480 21
469 442 493 480 8
857 440 1252 484 ANTHOLOGIA
1293 439 1666 483 OXONIENSIS.

508 707 707 779 Saepius
732 709 786 761 in
811 709 994 762 mediis
1019 709 1154 762 male
1180 707 1475 762 deficientia
1499 707 1634 761 votis

578 818 687 872 Ora
711 818 983 888 repentino
1008 817 1269 889 diriguere
1294 824 1455 870 metU.

501 931 612 985 Iste
637 931 678 984 J
681 951 830 984 ovem
857 930 1120 993 simulanS,
1146 949 1389 1000 pompam
1414 929 1645 1000 deposcit
1673 928 1906 1000 Olympi,

577 1041 915 1111 Templaque,
945 1048 999 1094 et
1024 1059 1231 1093 ararum
1255 1040 1426 1104 thura,
1453 1060 1737 1111 precesque
1763 1040 1889 1093 sibi:

502 1153 577 1206 Et
602 1153 643 1208 J
646 1153 756 1206 ovis
780 1153 983 1206 incessu
1007 1152 1250 1224 gradiens
1275 1171 1368 1223 per
1393 1152 1610 1206 carceris
1635 1160 1801 1215 antra,

575 1262 820 1318 Concitat
845 1271 1078 1317 amentes
1104 1263 1169 1316 ad
1195 1283 1288 1316 sua
1313 1282 1456 1316 sacra
1479 1282 1677 1334 greges·

501 1375 733 1444 Jamque
758 1373 898 1428 faces
925 1382 1152 1444 quassat,
1179 1374 1439 1443 falsosque
1466 1373 1735 1444 Diespiter
1757 1372 1907 1444 ignes

576 1486 781 1549 IrritUS,
811 1494 864 1539 et
889 1486 1076 1557 grandi
1100 1486 1269 1539 futilis
1296 1505 1384 1539 ore
1408 1493 1587 1548 tonat3

499 1599 694 1670 Flagra
719 1606 904 1651 sonant
930 1598 1141 1662 circum,
1170 1606 1224 1651 et
1250 1597 1492 1651 simulato
1516 1598 1730 1651 numine
1755 1597 1966 1660 frustra,

575 1709 846 1765 Conticuit
870 1708 1006 1762 fatui
1028 1708 1230 1763 fulmen
1255 1709 1409 1763 inane
1434 1709 1602 1763 Jovis.

502 1823 703 1876 Mentis
727 1823 876 1893 inops
902 1822 1050 1875 vanis
1074 1822 1258 1892 implet
1282 1822 1574 1894 fulgoribus
1601 1842 1767 1886 auraS,

575 1932 844 2001 Invisique
869 1932 1032 2003 gemit
1058 1932 1249 1985 vulnus
1275 1931 1463 1985 amoris
1487 1951 1678 1985 amans.

447 2054 481 2078 ‘⁶
509 2046 602 2099 Nil
626 2064 743 2098 mea
768 2053 891 2097 vota
916 2045 1152 2108 valent‚”
1177 2044 1372 2107 fremit,
1402 2052 1436 2076 “
1461 2052 1516 2097 at
1541 2063 1633 2097 vos
1658 2043 1730 2097 ite
1756 2043 1951 2114 capilli!

577 2156 663 2209 Ite
688 2156 795 2208 deae
821 2163 1010 2209 nostrae
1032 2155 1043 2208 Ι
1082 2155 1239 2209 dicite
1267 2155 1394 2224 quid
1421 2155 1488 2208 sit
1514 2154 1686 2208 amor!

507 2267 618 2321 Vos
645 2266 829 2319 saltem
852 2265 1009 2319 laceri
1035 2266 1302 2336 sparsique
1327 2285 1421 2335 per
1445 2269 1564 2317 aera
1588 2273 1751 2318 testes

579 2377 725 2439 Este,
753 2395 880 2429 meae
905 2376 1123 2428 flammae
1145 2376 1156 2428 1
1196 2376 1427 2429 vulneris
1454 2383 1562 2429 este
1588 2375 1720 2429 mei!

507 2488 797 2542 Excrucior
814 2521 886 2527 —
905 2488 1026 2540 date
1051 2488 1159 2541 tela
1184 2488 1275 2541 citi
1301 2507 1586 2556 succosque
1612 2487 1830 2541 veneni!

579 2599 822 2653 Emorior
841 2633 911 2638 -—
930 2598 1137 2651 tumulo
1162 2606 1241 2660 tu,
1269 2597 1381 2660 dea,
1408 2596 1570 2650 funde
1596 2616 1736 2650 rosas
1757 2595 1806 2649 1’'

508 2712 613 2765 Pro
638 2710 858 2772 tumulo,
887 2729 981 2779 pro
1005 2708 1130 2761 flore
1156 2727 1298 2771 rosae,
1326 2707 1521 2761 circum
1546 2707 1679 2760 atria
1704 2715 1929 2776 surgunt

578 2823 755 2884 Risus,
783 2829 836 2874 et
863 2819 1071 2874 effrenis
1097 2819 1245 2872 sibila
1261 2819 1449 2888 juncta
1465 2817 1612 2888 jocis·

507 2933 705 2987 Audin'
725 2934 747 2985 ’.Ρ
789 2931 893 2986 Cui
918 2930 1102 2984 validis
1127 2928 1345 2982 reboant
1369 2928 1657 2981 ululatibus
1683 2930 1873 2982 antra?

577 3044 713 3116 Igne
739 3043 931 3096 rubent
957 3040 1110 3103 oculi,
1138 3039 1334 3093 torrida
1358 3039 1503 3092 labra
1527 3040 1805 3092 tremunt?

508 3155 672 3208 Hune
696 3152 917 3206 flammis
942 3151 1087 3204 Dirae
1111 3150 1339 3212 ultrices,
1367 3149 1507 3203 hunc
1532 3149 1742 3203 turbine
1767 3158 1994 3220 raptant,

579 3265 654 3317 Et
679 3271 793 3316 toto
817 3261 1055 3314 immanis
1081 3261 1241 3331 spirat
1266 3260 1321 3312 in
1347 3280 1434 3314 ore
1460 3259 1618 3314 furor.
