<?xml version="1.0" encoding="UTF-8"?>
<!DOCTYPE html PUBLIC "-//W3C//DTD XHTML 1.0 Transitional//EN"
    "http://www.w3.org/TR/xhtml1/DTD/xhtml1-transitional.dtd">
<html xmlns="http://www.w3.org/1999/xhtml" xml:lang="en" lang="en">
 <head>
  <title>
</title>
<meta http-equiv="Content-Type" content="text/html;charset=utf-8" />
  <meta name='ocr-system' content='tesseract 3.04.00' />
  <meta name='ocr-capabilities' content='ocr_page ocr_carea ocr_par ocr_line ocrx_word'/>
</head>
<body>
  <div class='ocr_page' id='page_1' title='image "./anthologiaoxonie00linwuoft_0329.png"; bbox 0 0 2418 3944; ppageno 0'>
   <div class='ocr_carea' id='block_1_1' title="bbox 0 0 181 134">
    <p class='ocr_par' dir='ltr' id='par_1_1' title="bbox 0 0 181 134">
     <span class='ocr_line' id='line_1_1' title="bbox 0 0 181 134; baseline 0 3810"><span class='ocrx_word' id='word_1_1' title='bbox 0 0 181 134; x_wconf 95' lang='lat' dir='ltr'> </span> 
     </span>
    </p>
   </div>
   <div class='ocr_carea' id='block_1_2' title="bbox 144 336 2017 418">
    <p class='ocr_par' dir='ltr' id='par_1_2' title="bbox 144 336 2017 418">
     <span class='ocr_line' id='line_1_2' title="bbox 144 336 2017 418; baseline 0 3526"><span class='ocrx_word' id='word_1_2' title='bbox 144 336 2017 418; x_wconf 95' lang='lat' dir='ltr'> </span> 
     </span>
    </p>
   </div>
   <div class='ocr_carea' id='block_1_3' title="bbox 672 435 1936 478">
    <p class='ocr_par' dir='ltr' id='par_1_3' title="bbox 672 435 1936 478">
     <span class='ocr_line' id='line_1_3' title="bbox 672 435 1936 478; baseline -0.001 -1"><span class='ocrx_word' id='word_1_3' title='bbox 672 435 1069 478; x_wconf 85' lang='lat' dir='ltr'><strong>ANTHOLOGIA</strong></span> <span class='ocrx_word' id='word_1_4' title='bbox 1112 435 1487 477; x_wconf 78' lang='lat' dir='ltr'>OXONIENSIS.</span> <span class='ocrx_word' id='word_1_5' title='bbox 1852 438 1936 476; x_wconf 85' lang='lat'>303</span> 
     </span>
    </p>
   </div>
   <div class='ocr_carea' id='block_1_4' title="bbox 1030 865 1129 909">
    <p class='ocr_par' dir='ltr' id='par_1_4' title="bbox 1030 865 1129 909">
     <span class='ocr_line' id='line_1_4' title="bbox 1030 865 1129 909; baseline 0.02 -8"><span class='ocrx_word' id='word_1_6' title='bbox 1030 865 1129 909; x_wconf 87' lang='lat' dir='ltr'>XX.</span> 
     </span>
    </p>
   </div>
   <div class='ocr_carea' id='block_1_5' title="bbox 287 976 1897 3070">
    <p class='ocr_par' dir='ltr' id='par_1_5' title="bbox 753 976 1423 1144">
     <span class='ocr_line' id='line_1_5' title="bbox 753 976 1423 1050; baseline -0.004 -13"><span class='ocrx_word' id='word_1_7' title='bbox 753 977 849 1038; x_wconf 49' lang='lat' dir='ltr'>&amp;a</span> <span class='ocrx_word' id='word_1_8' title='bbox 887 979 1031 1035; x_wconf 66' lang='lat' dir='ltr'>fletur</span> <span class='ocrx_word' id='word_1_9' title='bbox 1069 976 1423 1050; x_wconf 64' lang='lat' dir='ltr'>Seympatbia.</span> 
     </span>
     <span class='ocr_line' id='line_1_6' title="bbox 1019 1063 1140 1144; baseline 0 0"><span class='ocrx_word' id='word_1_10' title='bbox 1019 1063 1140 1144; x_wconf 57' lang='grc' dir='ltr'>Αηῖκ.</span> 
     </span>
    </p>

    <p class='ocr_par' dir='ltr' id='par_1_6' title="bbox 344 1214 1897 1401">
     <span class='ocr_line' id='line_1_7' title="bbox 344 1214 1897 1286; baseline -0.005 -13"><span class='ocrx_word' id='word_1_11' title='bbox 344 1218 494 1272; x_wconf 83' lang='lat' dir='ltr'>HAEC</span> <span class='ocrx_word' id='word_1_12' title='bbox 521 1216 621 1272; x_wconf 81' lang='lat' dir='ltr'>tibi</span> <span class='ocrx_word' id='word_1_13' title='bbox 644 1226 832 1271; x_wconf 82' lang='lat' dir='ltr'>moesta</span> <span class='ocrx_word' id='word_1_14' title='bbox 856 1218 997 1271; x_wconf 81' lang='lat' dir='ltr'>inter</span> <span class='ocrx_word' id='word_1_15' title='bbox 1021 1218 1293 1280; x_wconf 76' lang='lat' dir='ltr'>recubanS,</span> <span class='ocrx_word' id='word_1_16' title='bbox 1325 1215 1610 1279; x_wconf 85' lang='lat' dir='ltr'>Abelarde,</span> <span class='ocrx_word' id='word_1_17' title='bbox 1641 1214 1897 1286; x_wconf 81' lang='lat' dir='ltr'>sepulcra,</span> 
     </span>
     <span class='ocr_line' id='line_1_8' title="bbox 418 1327 1522 1401; baseline -0.005 -17"><span class='ocrx_word' id='word_1_18' title='bbox 418 1329 627 1401; x_wconf 80' lang='lat' dir='ltr'>Scripta</span> <span class='ocrx_word' id='word_1_19' title='bbox 650 1329 750 1400; x_wconf 77' lang='lat' dir='ltr'>piis</span> <span class='ocrx_word' id='word_1_20' title='bbox 775 1330 972 1399; x_wconf 80' lang='lat' dir='ltr'>conjux</span> <span class='ocrx_word' id='word_1_21' title='bbox 997 1328 1165 1382; x_wconf 79' lang='lat' dir='ltr'>mittit</span> <span class='ocrx_word' id='word_1_22' title='bbox 1191 1328 1247 1380; x_wconf 91' lang='lat' dir='ltr'>in</span> <span class='ocrx_word' id='word_1_23' title='bbox 1273 1327 1522 1381; x_wconf 73' lang='lat' dir='ltr'>excubiie.</span> 
     </span>
    </p>

    <p class='ocr_par' dir='ltr' id='par_1_7' title="bbox 343 1439 1728 1623">
     <span class='ocr_line' id='line_1_9' title="bbox 343 1439 1728 1510; baseline -0.004 -17"><span class='ocrx_word' id='word_1_24' title='bbox 343 1439 521 1494; x_wconf 83' lang='lat' dir='ltr'><strong>Antra</strong></span> <span class='ocrx_word' id='word_1_25' title='bbox 544 1440 685 1494; x_wconf 83' lang='lat' dir='ltr'>inter</span> <span class='ocrx_word' id='word_1_26' title='bbox 710 1440 899 1502; x_wconf 83' lang='lat' dir='ltr'>media,</span> <span class='ocrx_word' id='word_1_27' title='bbox 931 1447 985 1493; x_wconf 84' lang='lat' dir='ltr'>et</span> <span class='ocrx_word' id='word_1_28' title='bbox 1013 1440 1269 1510; x_wconf 80' lang='lat' dir='ltr'>pallentes</span> <span class='ocrx_word' id='word_1_29' title='bbox 1295 1448 1452 1492; x_wconf 79' lang='lat' dir='ltr'>noete</span> <span class='ocrx_word' id='word_1_30' title='bbox 1478 1456 1728 1499; x_wconf 74' lang='lat' dir='ltr'>receSSUS,</span> 
     </span>
     <span class='ocr_line' id='line_1_10' title="bbox 409 1551 1643 1623; baseline -0.004 -16"><span class='ocrx_word' id='word_1_31' title='bbox 409 1552 565 1607; x_wconf 83' lang='lat' dir='ltr'>Vivit</span> <span class='ocrx_word' id='word_1_32' title='bbox 590 1552 762 1605; x_wconf 84' lang='lat' dir='ltr'>adhuc</span> <span class='ocrx_word' id='word_1_33' title='bbox 787 1552 1005 1606; x_wconf 91' lang='lat' dir='ltr'>memori</span> <span class='ocrx_word' id='word_1_34' title='bbox 1030 1552 1251 1623; x_wconf 79' lang='lat' dir='ltr'>pristina</span> <span class='ocrx_word' id='word_1_35' title='bbox 1275 1552 1484 1604; x_wconf 90' lang='lat' dir='ltr'>flamma</span> <span class='ocrx_word' id='word_1_36' title='bbox 1510 1551 1643 1603; x_wconf 79' lang='lat' dir='ltr'>sinu.</span> 
     </span>
    </p>

    <p class='ocr_par' dir='ltr' id='par_1_8' title="bbox 342 1663 1626 1831">
     <span class='ocr_line' id='line_1_11' title="bbox 342 1663 1626 1737; baseline -0.003 -18"><span class='ocrx_word' id='word_1_37' title='bbox 342 1665 452 1719; x_wconf 80' lang='lat' dir='ltr'>Hic</span> <span class='ocrx_word' id='word_1_38' title='bbox 478 1665 682 1719; x_wconf 74' lang='lat' dir='ltr'>Divfim</span> <span class='ocrx_word' id='word_1_39' title='bbox 706 1664 894 1737; x_wconf 81' lang='lat' dir='ltr'>gelidis</span> <span class='ocrx_word' id='word_1_40' title='bbox 920 1664 1196 1718; x_wconf 80' lang='lat' dir='ltr'>simulacra</span> <span class='ocrx_word' id='word_1_41' title='bbox 1220 1663 1446 1735; x_wconf 81' lang='lat' dir='ltr'>rigentia</span> <span class='ocrx_word' id='word_1_42' title='bbox 1472 1663 1626 1726; x_wconf 77' lang='lat' dir='ltr'>saxis,</span> 
     </span>
     <span class='ocr_line' id='line_1_12' title="bbox 415 1776 1572 1831; baseline -0.003 0"><span class='ocrx_word' id='word_1_43' title='bbox 415 1779 492 1831; x_wconf 78' lang='lat' dir='ltr'>Et</span> <span class='ocrx_word' id='word_1_44' title='bbox 518 1777 643 1831; x_wconf 68' lang='lat' dir='ltr'>suus</span> <span class='ocrx_word' id='word_1_45' title='bbox 669 1778 901 1831; x_wconf 78' lang='lat' dir='ltr'>obscuris</span> <span class='ocrx_word' id='word_1_46' title='bbox 927 1777 1186 1830; x_wconf 80' lang='lat' dir='ltr'>moenibus</span> <span class='ocrx_word' id='word_1_47' title='bbox 1210 1777 1394 1830; x_wconf 85' lang='lat' dir='ltr'>horror</span> <span class='ocrx_word' id='word_1_48' title='bbox 1418 1776 1572 1829; x_wconf 83' lang='lat' dir='ltr'>inest.</span> 
     </span>
    </p>

    <p class='ocr_par' dir='ltr' id='par_1_9' title="bbox 342 1887 1825 2072">
     <span class='ocr_line' id='line_1_13' title="bbox 342 1887 1825 1957; baseline -0.003 -14"><span class='ocrx_word' id='word_1_49' title='bbox 342 1890 483 1943; x_wconf 90' lang='lat' dir='ltr'>Tum</span> <span class='ocrx_word' id='word_1_50' title='bbox 508 1890 687 1944; x_wconf 82' lang='lat' dir='ltr'>vetitae</span> <span class='ocrx_word' id='word_1_51' title='bbox 713 1889 920 1942; x_wconf 80' lang='lat' dir='ltr'>frustra</span> <span class='ocrx_word' id='word_1_52' title='bbox 935 1889 1210 1952; x_wconf 79' lang='lat' dir='ltr'>illeoebrae,</span> <span class='ocrx_word' id='word_1_53' title='bbox 1241 1897 1295 1941; x_wconf 80' lang='lat' dir='ltr'>et</span> <span class='ocrx_word' id='word_1_54' title='bbox 1320 1897 1416 1941; x_wconf 82' lang='lat' dir='ltr'>tua</span> <span class='ocrx_word' id='word_1_55' title='bbox 1440 1887 1609 1940; x_wconf 80' lang='lat' dir='ltr'>duleis</span> <span class='ocrx_word' id='word_1_56' title='bbox 1634 1887 1825 1957; x_wconf 80' lang='lat' dir='ltr'>image,</span> 
     </span>
     <span class='ocr_line' id='line_1_14' title="bbox 416 2000 1585 2072; baseline -0.004 -16"><span class='ocrx_word' id='word_1_57' title='bbox 416 2002 493 2055; x_wconf 83' lang='lat' dir='ltr'>Et</span> <span class='ocrx_word' id='word_1_58' title='bbox 518 2010 634 2056; x_wconf 82' lang='lat' dir='ltr'>tota</span> <span class='ocrx_word' id='word_1_59' title='bbox 657 2002 943 2055; x_wconf 78' lang='lat' dir='ltr'>indomitus</span> <span class='ocrx_word' id='word_1_60' title='bbox 969 2010 1146 2055; x_wconf 84' lang='lat' dir='ltr'>mente</span> <span class='ocrx_word' id='word_1_61' title='bbox 1173 2000 1401 2072; x_wconf 80' lang='lat' dir='ltr'>resurgit</span> <span class='ocrx_word' id='word_1_62' title='bbox 1427 2017 1585 2052; x_wconf 89' lang='lat' dir='ltr'>amor.</span> 
     </span>
    </p>

    <p class='ocr_par' dir='ltr' id='par_1_10' title="bbox 345 2112 1577 2294">
     <span class='ocr_line' id='line_1_15' title="bbox 345 2112 1577 2184; baseline -0.003 -17"><span class='ocrx_word' id='word_1_63' title='bbox 345 2114 423 2167; x_wconf 82' lang='lat' dir='ltr'>Et</span> <span class='ocrx_word' id='word_1_64' title='bbox 449 2133 584 2184; x_wconf 81' lang='lat' dir='ltr'>saepe</span> <span class='ocrx_word' id='word_1_65' title='bbox 609 2113 665 2165; x_wconf 88' lang='lat' dir='ltr'>in</span> <span class='ocrx_word' id='word_1_66' title='bbox 691 2131 872 2166; x_wconf 83' lang='lat' dir='ltr'>somno</span> <span class='ocrx_word' id='word_1_67' title='bbox 898 2121 952 2166; x_wconf 86' lang='lat' dir='ltr'>te</span> <span class='ocrx_word' id='word_1_68' title='bbox 979 2112 1293 2165; x_wconf 76' lang='lat' dir='ltr'>circumfusa</span> <span class='ocrx_word' id='word_1_69' title='bbox 1310 2113 1577 2182; x_wconf 83' lang='lat' dir='ltr'>jacentem</span> 
     </span>
     <span class='ocr_line' id='line_1_16' title="bbox 409 2221 1574 2294; baseline -0.003 -19"><span class='ocrx_word' id='word_1_70' title='bbox 409 2222 692 2294; x_wconf 85' lang='lat' dir='ltr'>Languida</span> <span class='ocrx_word' id='word_1_71' title='bbox 717 2222 961 2276; x_wconf 80' lang='lat' dir='ltr'>suaviolis</span> <span class='ocrx_word' id='word_1_72' title='bbox 986 2222 1232 2275; x_wconf 87' lang='lat' dir='ltr'>immoror</span> <span class='ocrx_word' id='word_1_73' title='bbox 1256 2241 1426 2291; x_wconf 84' lang='lat' dir='ltr'>usque</span> <span class='ocrx_word' id='word_1_74' title='bbox 1452 2221 1574 2273; x_wconf 81' lang='lat' dir='ltr'>tuis.</span> 
     </span>
    </p>

    <p class='ocr_par' dir='ltr' id='par_1_11' title="bbox 344 2330 1885 2516">
     <span class='ocr_line' id='line_1_17' title="bbox 344 2330 1885 2403; baseline -0.003 -17"><span class='ocrx_word' id='word_1_75' title='bbox 344 2333 595 2386; x_wconf 80' lang='lat' dir='ltr'>Excitor:</span> <span class='ocrx_word' id='word_1_76' title='bbox 617 2365 688 2373; x_wconf 89' lang='lat'>—</span> <span class='ocrx_word' id='word_1_77' title='bbox 704 2333 971 2403; x_wconf 77' lang='lat' dir='ltr'>objectum</span> <span class='ocrx_word' id='word_1_78' title='bbox 995 2352 1090 2403; x_wconf 88' lang='lat' dir='ltr'>per</span> <span class='ocrx_word' id='word_1_79' title='bbox 1115 2340 1301 2384; x_wconf 83' lang='lat' dir='ltr'>moesta</span> <span class='ocrx_word' id='word_1_80' title='bbox 1325 2330 1634 2402; x_wconf 81' lang='lat' dir='ltr'>crepuscula</span> <span class='ocrx_word' id='word_1_81' title='bbox 1658 2350 1885 2393; x_wconf 87' lang='lat' dir='ltr'>murum,</span> 
     </span>
     <span class='ocr_line' id='line_1_18' title="bbox 417 2443 1452 2516; baseline -0.003 -18"><span class='ocrx_word' id='word_1_82' title='bbox 417 2445 494 2499; x_wconf 83' lang='lat' dir='ltr'>Et</span> <span class='ocrx_word' id='word_1_83' title='bbox 519 2445 671 2499; x_wconf 89' lang='lat' dir='ltr'>video</span> <span class='ocrx_word' id='word_1_84' title='bbox 696 2445 752 2497; x_wconf 91' lang='lat' dir='ltr'>in</span> <span class='ocrx_word' id='word_1_85' title='bbox 775 2445 960 2516; x_wconf 79' lang='lat' dir='ltr'>longas</span> <span class='ocrx_word' id='word_1_86' title='bbox 985 2444 1119 2497; x_wconf 83' lang='lat' dir='ltr'>atria</span> <span class='ocrx_word' id='word_1_87' title='bbox 1143 2443 1303 2496; x_wconf 84' lang='lat' dir='ltr'>dueta</span> <span class='ocrx_word' id='word_1_88' title='bbox 1327 2443 1452 2496; x_wconf 73' lang='lat' dir='ltr'>viae.</span> 
     </span>
    </p>

    <p class='ocr_par' dir='ltr' id='par_1_12' title="bbox 343 2555 1594 2722">
     <span class='ocr_line' id='line_1_19' title="bbox 343 2555 1594 2628; baseline -0.004 -17"><span class='ocrx_word' id='word_1_89' title='bbox 343 2555 421 2611; x_wconf 84' lang='lat' dir='ltr'>Et</span> <span class='ocrx_word' id='word_1_90' title='bbox 444 2558 599 2611; x_wconf 90' lang='lat' dir='ltr'>modo</span> <span class='ocrx_word' id='word_1_91' title='bbox 623 2557 899 2611; x_wconf 89' lang='lat' dir='ltr'>marmorei</span> <span class='ocrx_word' id='word_1_92' title='bbox 924 2565 1141 2628; x_wconf 81' lang='lat' dir='ltr'>propter</span> <span class='ocrx_word' id='word_1_93' title='bbox 1165 2556 1459 2627; x_wconf 84' lang='lat' dir='ltr'>penetralia</span> <span class='ocrx_word' id='word_1_94' title='bbox 1483 2555 1594 2608; x_wconf 89' lang='lat' dir='ltr'>fani</span> 
     </span>
     <span class='ocr_line' id='line_1_20' title="bbox 418 2667 1536 2722; baseline -0.004 0"><span class='ocrx_word' id='word_1_95' title='bbox 418 2668 552 2722; x_wconf 81' lang='lat' dir='ltr'>Visa</span> <span class='ocrx_word' id='word_1_96' title='bbox 576 2675 657 2722; x_wconf 81' lang='lat' dir='ltr'>est</span> <span class='ocrx_word' id='word_1_97' title='bbox 681 2667 949 2721; x_wconf 89' lang='lat' dir='ltr'>imbellem</span> <span class='ocrx_word' id='word_1_98' title='bbox 974 2687 1079 2720; x_wconf 90' lang='lat' dir='ltr'>vox</span> <span class='ocrx_word' id='word_1_99' title='bbox 1103 2667 1295 2720; x_wconf 83' lang='lat' dir='ltr'>iterare</span> <span class='ocrx_word' id='word_1_100' title='bbox 1322 2686 1536 2719; x_wconf 77' lang='lat' dir='ltr'>sonum:</span> 
     </span>
    </p>

    <p class='ocr_par' dir='ltr' id='par_1_13' title="bbox 287 2755 1604 2839">
     <span class='ocr_line' id='line_1_21' title="bbox 287 2755 1604 2839; baseline -0.005 -5"><span class='ocrx_word' id='word_1_101' title='bbox 287 2788 322 2813; x_wconf 80' lang='lat'>‘⁶</span> <span class='ocrx_word' id='word_1_102' title='bbox 345 2780 473 2834; x_wconf 83' lang='lat' dir='ltr'>Huc</span> <span class='ocrx_word' id='word_1_103' title='bbox 497 2755 680 2833; x_wconf 76' lang='lat' dir='ltr'>Elo&#39;isa</span> <span class='ocrx_word' id='word_1_104' title='bbox 704 2777 856 2832; x_wconf 75' lang='lat' dir='ltr'>veni!</span> <span class='ocrx_word' id='word_1_105' title='bbox 895 2786 1092 2830; x_wconf 80' lang='lat' dir='ltr'>moestae</span> <span class='ocrx_word' id='word_1_106' title='bbox 1117 2777 1203 2830; x_wconf 81' lang='lat' dir='ltr'>hio</span> <span class='ocrx_word' id='word_1_107' title='bbox 1230 2777 1424 2830; x_wconf 85' lang='lat' dir='ltr'>oblivia</span> <span class='ocrx_word' id='word_1_108' title='bbox 1450 2796 1604 2839; x_wconf 84' lang='lat' dir='ltr'>eurae,</span> 
     </span>
    </p>

    <p class='ocr_par' dir='ltr' id='par_1_14' title="bbox 423 2887 1537 2960">
     <span class='ocr_line' id='line_1_22' title="bbox 423 2887 1537 2960; baseline -0.005 -15"><span class='ocrx_word' id='word_1_109' title='bbox 423 2892 533 2945; x_wconf 75' lang='lat' dir='ltr'>Hie</span> <span class='ocrx_word' id='word_1_110' title='bbox 558 2891 734 2943; x_wconf 88' lang='lat' dir='ltr'>anima</span> <span class='ocrx_word' id='word_1_111' title='bbox 759 2899 955 2943; x_wconf 85' lang='lat' dir='ltr'>aeterna</span> <span class='ocrx_word' id='word_1_112' title='bbox 979 2909 1107 2960; x_wconf 85' lang='lat' dir='ltr'>paee</span> <span class='ocrx_word' id='word_1_113' title='bbox 1135 2889 1318 2959; x_wconf 83' lang='lat' dir='ltr'>quieta</span> <span class='ocrx_word' id='word_1_114' title='bbox 1341 2887 1537 2958; x_wconf 81' lang='lat' dir='ltr'>viget.”</span> 
     </span>
    </p>

    <p class='ocr_par' dir='ltr' id='par_1_15' title="bbox 350 2999 1684 3070">
     <span class='ocr_line' id='line_1_23' title="bbox 350 2999 1684 3070; baseline -0.004 -15"><span class='ocrx_word' id='word_1_115' title='bbox 350 3002 515 3055; x_wconf 87' lang='lat' dir='ltr'>Haud</span> <span class='ocrx_word' id='word_1_116' title='bbox 538 3001 705 3054; x_wconf 82' lang='lat' dir='ltr'>invita</span> <span class='ocrx_word' id='word_1_117' title='bbox 731 3019 951 3070; x_wconf 81' lang='lat' dir='ltr'>sequor:</span> <span class='ocrx_word' id='word_1_118' title='bbox 993 3000 1139 3064; x_wconf 90' lang='lat' dir='ltr'>felix,</span> <span class='ocrx_word' id='word_1_119' title='bbox 1168 3001 1210 3053; x_wconf 83' lang='lat' dir='ltr'>si</span> <span class='ocrx_word' id='word_1_120' title='bbox 1237 3009 1404 3053; x_wconf 80' lang='lat' dir='ltr'>morte</span> <span class='ocrx_word' id='word_1_121' title='bbox 1432 3000 1529 3052; x_wconf 79' lang='lat' dir='ltr'>sub</span> <span class='ocrx_word' id='word_1_122' title='bbox 1557 2999 1684 3069; x_wconf 84' lang='lat' dir='ltr'>ipsa,</span> 
     </span>
    </p>
   </div>
   <div class='ocr_carea' id='block_1_6' title="bbox 426 3111 1525 3182">
    <p class='ocr_par' dir='ltr' id='par_1_16' title="bbox 426 3111 1525 3182">
     <span class='ocr_line' id='line_1_24' title="bbox 426 3111 1525 3182; baseline -0.005 -14"><span class='ocrx_word' id='word_1_123' title='bbox 426 3113 484 3169; x_wconf 83' lang='lat' dir='ltr'>Si</span> <span class='ocrx_word' id='word_1_124' title='bbox 509 3113 723 3166; x_wconf 85' lang='lat' dir='ltr'>tandem</span> <span class='ocrx_word' id='word_1_125' title='bbox 749 3122 911 3166; x_wconf 82' lang='lat' dir='ltr'>exuto</span> <span class='ocrx_word' id='word_1_126' title='bbox 931 3132 1162 3182; x_wconf 77' lang='lat' dir='ltr'>corpore,</span> <span class='ocrx_word' id='word_1_127' title='bbox 1191 3111 1342 3164; x_wconf 78' lang='lat' dir='ltr'>cedet</span> <span class='ocrx_word' id='word_1_128' title='bbox 1368 3131 1525 3163; x_wconf 89' lang='lat' dir='ltr'>amor.</span> 
     </span>
    </p>
   </div>
   <div class='ocr_carea' id='block_1_7' title="bbox 2017 436 2030 1269">
    <p class='ocr_par' dir='ltr' id='par_1_17' title="bbox 2017 436 2030 1269">
     <span class='ocr_line' id='line_1_25' title="bbox 2017 436 2030 1269; baseline 0 0"><span class='ocrx_word' id='word_1_129' title='bbox 2017 436 2030 1269; x_wconf 95' lang='lat' dir='ltr'> </span> 
     </span>
    </p>
   </div>
  </div>
 </body>
</html>
