2418 3944
673 422 1024 464 ANTHOLOGI
1027 423 1069 463 A
1113 421 1490 464 OXONIENSIS.
1850 423 1927 465 161

1065 739 1225 777 XCIV.

921 837 1340 894 ΑΝΤΩΝΙΟΣ.

483 989 749 1048 ΞΎΓΓΝΩΘῙ
773 1011 878 1057 μοι,
907 987 1150 1060 δαφοινὸς
1173 987 1381 1042 ἕλκεσιν
1405 987 1558 1051 κόνις,

482 1083 644 1137 τοῖσδ’
664 1083 710 1137 εἰ
734 1086 948 1154 φονεῦσι
973 1079 1139 1154 πρᾷός
1165 1081 1268 1150 εἰμι
1293 1081 1381 1135 καὶ
1405 1082 1598 1135 πέπων.

483 1176 543 1230 ἰὼ
569 1175 818 1249 φερίστου
843 1174 904 1242 δὴ
928 1177 1137 1247 βροτῶν
1161 1174 1377 1245 ἐρείπια,

481 1268 635 1323 ὅσους
659 1267 879 1339 ἔθρεψεν
905 1266 975 1321 εἰς
999 1265 1102 1320 τόδ’
1130 1267 1320 1338 ἡμέρας
1344 1266 1543 1340 χρόνος.

482 1363 658 1417 ὄλοιτο
684 1363 773 1416 καὶ
797 1361 930 1435 χείρ,
957 1362 991 1429 ἢ
1017 1359 1076 1414 τὸ
1102 1360 1414 1429 τιμιώτατον

480 1455 583 1510 τόδ’
610 1454 718 1523 αἷμ’
744 1454 946 1508 ἔδευσεν
959 1473 971 1486 ·
996 1453 1142 1507 ἀλλὰ
1166 1454 1270 1522 μὴν
1292 1454 1455 1508 ἑστὼς
1478 1454 1578 1523 ἐγὼ

482 1551 586 1602 τῶν
610 1551 718 1602 σῶν
743 1547 933 1619 ὕπερθε
958 1546 1268 1619 τραυμάτων
1292 1545 1628 1615 μαντεύομαι,

479 1640 515 1694 ἃ
538 1638 723 1693 πολλὰ
747 1639 808 1706 δή
831 1661 922 1707 μοι
947 1638 1101 1710 κωφά
1126 1660 1224 1711 περ
1249 1643 1589 1707 πολυστομεῖ,

482 1737 590 1788 τοῖς
613 1733 959 1806 πορφυρέοισι
983 1732 1221 1806 χείλεσιν
1246 1733 1516 1806 κεχηνότα,

481 1826 739 1900 χρῄζοντα
764 1826 1018 1894 *γλώσσης
1043 1825 1254 1896 φθένγμα
1280 1825 1368 1878 καὶ
1394 1825 1569 1896 φωνὴν
1593 1829 1729 1894 ἐμῆς.

482 1920 584 1992 ἀρὰ
609 1920 711 1991 «γὰρ
738 1919 898 1990 ἄρδην
921 1922 972 1972 ε’ς
995 1919 1132 1986 μέλη
1159 1919 1362 1991 σκήψει
1384 1921 1607 1991 βροτῶν,

483 2013 674 2067 στάσις
699 2011 740 2066 δ’
767 2011 859 2066 ἀπ’
886 2013 1078 2076 ἀστῶν,
1107 2011 1195 2066 καὶ
1221 2011 1390 2080 δόμων
1412 2012 1656 2085 Ἐρινύες,

484 2200 718 2269 σφανγαῖς
743 2196 785 2250 δ’
812 2196 1160 2264 ὁμιλήσουσιν
1185 2196 1446 2268 ὀλεθρίαις
1470 2198 1632 2270 χέρες,

485 2288 697 2343 δεινοῖσι
723 2287 766 2342 δ’
792 2287 982 2357 ὄμμαθ’
1010 2287 1094 2342 ὧδ’
1122 2288 1203 2342 ἀεὶ
1229 2289 1504 2357 θεάμασιν,

482 2380 607 2435 ὥστ’
633 2381 919 2453 εἰσορώσας
943 2382 1168 2453 μητέρας
1191 2381 1376 2450 «γέλωτ’
1405 2381 1548 2450 ἄγειν

483 2468 874 2546 διαρταμούμεν’
906 2474 1076 2546 ’Άρεος
1099 2477 1153 2527 ἐν
1177 2474 1361 2547 χερσὶν
1384 2474 1586 2546 βρέφη“

483 2564 658 2624 οἴκτου
684 2564 970 2637 φθαρέντος
993 2569 1046 2619 έν
1072 2565 1311 2638 ξυνηθείᾳ
1336 2569 1522 2619 κακῶν.

482 2658 510 2710 ὀ
538 2659 854 2730 Καισάρειος
878 2657 938 2722 δ’,
966 2658 1053 2711 ε’πὶ
1078 2658 1213 2712 τίσει
1231 2658 1632 2730 ,στρωφώμενοςῃ

475 2747 629 2815 Ἄτην
653 2749 696 2803 δ’
723 2748 858 2822 ἔχων
882 2749 1099 2822 ἀρωγόν,
1127 2751 1420 2819 ἐξαναζέσει

483 2841 694 2915 χθόνιος
718 2842 988 2915 ἀλάστωρ,
1017 2843 1105 2896 καὶ
1130 2846 1405 2915 τυραννικῇ
1430 2844 1536 2913 βοῇ

483 2934 615 3006 ὅρων
638 2934 875 3002 ἐπεμβὰς
899 2934 1055 2989 τῶνδε
1079 2934 1286 3007 κηρύξει
1310 2934 1483 3007 φόνον,

484 3027 640 3081 κύνας
662 3027 855 3095 μεθιεὶς
885 3028 1082 3094 Ἄρεος·
1120 3028 1256 3082 ὥστε
1280 3027 1415 3082 τοῦδ’
1441 3028 1598 3096 ἄγους

484 3119 613 3185 ὄζειν
637 3118 782 3173 ἕκατι
806 3119 1044 3189 πτώματ’
1071 3120 1294 3175 ἀνοσίων
1319 3123 1523 3192 νεκρῶν,

483 2105 701 2173 σάξουσ’
726 2105 1092 2173 ἁπαξάπασαν
1115 2104 1338 2159 Ἰταλῶν
1361 2105 1542 2178 χθόνα.

483 3210 572 3265 ἐπὶ
595 3211 785 3285 χθονὸς
810 3210 1074 3284 κεκρωγότ’
1102 3216 1154 3267 ἐν
1178 3211 1331 3286 χρείᾳ.
1355 3213 1538 3284 τάφου.
