2418 3944
856 452 1253 493 ANTHOLOGIA
1297 451 1673 493 OXONIENSIS.

537 720 731 773 Forma
756 720 879 772 mali
904 720 1041 772 mala
1057 720 1258 789 judieii,
1289 740 1394 790 qua
1419 722 1601 774 saevior
1626 722 1735 774 ulla

611 831 735 883 Non
762 831 902 884 eadit
928 830 980 882 in
1008 839 1195 902 gentes
1221 827 1382 901 pestis
1409 832 1595 886 acerba
1619 852 1747 886 reas.

538 939 587 994 O
614 939 812 1010 patria!
852 960 882 992 O
909 940 1033 992 diris
1061 941 1292 993 exercita
1320 940 1496 995 Gallia
1519 941 1675 995 fatis!

612 1050 759 1103 Tene
785 1051 995 1114 iterum,
1024 1051 1168 1102 exilii
1193 1059 1311 1121 post
1337 1052 1475 1104 mala
1499 1059 1650 1104 tanta
1675 1051 1859 1115 redUX,

538 1160 684 1213 Tene
709 1161 878 1213 reviso
905 1161 1140 1213 iterum?
1179 1170 1233 1214 et
1258 1169 1373 1213 toto
1398 1161 1581 1231 procul
1606 1161 1731 1214 orbe
1756 1169 2009 1232 vagantes

606 1271 674 1323 In
699 1271 959 1342 gremium
984 1290 1212 1335 revocate,
1242 1280 1411 1324 mater
1436 1280 1623 1334 amata,
1650 1273 1846 1324 tuum?

537 1382 698 1450 Quid,
727 1383 859 1435 dura
884 1382 926 1435 si
951 1383 1086 1454 lege,
1114 1383 1219 1436 mei
1243 1383 1500 1453 praedator
1525 1383 1697 1454 agelli,

609 1494 746 1549 Cara
770 1495 913 1557 mihi,
944 1503 998 1548 et
1023 1495 1204 1547 multis
1229 1494 1423 1548 tradita
1446 1495 1511 1548 de
1537 1495 1758 1566 proavis,

531 1605 681 1658 Rura
705 1614 870 1669 tenet,
901 1614 1081 1659 vetera
1105 1606 1338 1675 antiquae
1363 1606 1684 1659 incunabula
1707 1606 1900 1678 gentiS,

608 1716 682 1768 Et
708 1716 916 1787 propria
942 1717 1065 1779 haeo,
1095 1716 1301 1769 sceleris
1326 1717 1538 1786 praemia
1572 1717 1769 1787 iniqua,
1798 1719 1989 1770 vocat?

534 1827 636 1879 Illa
660 1827 835 1890 habet,
863 1827 953 1879 illa
978 1828 1168 1880 habeat
1195 1847 1402 1891 seeum3
1445 1828 1571 1879 mihi
1598 1828 1803 1881 conseia
1827 1828 1996 1882 virtus'
2030 1832 2032 1834 ’

611 1937 692 1992 Sit
720 1938 860 1999 satis,
890 1946 944 1990 et
971 1938 1115 1989 nulla
1142 1938 1281 1990 vieta
1306 1938 1484 1990 labore
1510 1937 1670 1990 fides!

535 2048 654 2100 Hae
681 2067 778 2118 ego
806 2067 921 2100 eum
947 2048 1110 2101 tantis
1136 2048 1326 2119 dignus
1351 2047 1650 2117 majoribUS,
1684 2056 1891 2101 auctam

609 2159 728 2211 Hae
754 2159 903 2212 trado
929 2159 1066 2211 natis
1092 2159 1366 2212 nobilitate
1393 2159 1620 2211 domum.

532 2270 761 2340 Pauper,
790 2270 955 2340 inope,
984 2270 1306 2339 fractusque,
1336 2269 1484 2322 bonis
1511 2269 1764 2339 spoliatus
1792 2268 1961 2332 avitia,

612 2379 822 2433 Cuncta
846 2380 962 2442 tuli,
990 2379 1244 2432 indomito
1269 2387 1480 2448 pectore
1507 2387 1698 2431 cuneta
1723 2379 1887 2430 feram
1909 2378 1920 2430 Ῐ

537 2492 644 2544 Hic
661 2491 946 2560 mihi'quod
965 2491 1230 2560 reliquum
1247 2499 1326 2542 est
1353 2490 1509 2542 detur
1534 2489 1686 2542 modo
1707 2489 1948 2542 claudere
1969 2489 2107 2553 vitae,

605 2601 680 2654 Et
706 2601 901 2653 lassum
926 2600 981 2652 in
1006 2600 1176 2670 patria
1198 2619 1392 2670 ponere
1419 2618 1605 2668 corpus
1630 2598 1789 2651 humo
1811 2598 1822 2650 ἕ

1980 2709 2022 2742 G.
