2418 3944
429 448 516 491 264
868 449 1266 492 ANTHOLOGIA
1311 448 1688 491 OXONIENSIS.

594 721 802 774 Dividis
828 721 1055 775 alternas
1078 721 1226 774 fessis
1251 720 1559 774 mortalibus
1584 723 1814 785 umbraS,

670 831 804 887 Solis
831 840 885 885 et
908 832 1170 884 insomnes
1195 831 1286 884 das
1312 831 1600 902 adimisque
1626 831 1779 886 faces,

595 941 803 995 Dividis
827 941 1060 994 inversos
1086 941 1267 993 alienis
1293 941 1513 994 urbibus
1540 935 1719 1005 annos)

666 1052 742 1104 Et
768 1051 923 1104 simul
950 1059 1180 1120 aequatas
1204 1051 1389 1121 pendis
1423 1051 1620 1120 ubique
1646 1052 1801 1105 vices,

594 1162 772 1225 Terra,
799 1181 987 1232 parens
1011 1162 1235 1216 hominis
1262 1182 1395 1216 oaeoo
1421 1163 1486 1216 de
1512 1164 1732 1234 pulvere
1759 1164 1908 1228 oreti,

669 1272 779 1340 Qui
804 1273 939 1326 redit
964 1273 1020 1325 in
1044 1273 1294 1344 gelidum,
1323 1282 1540 1327 venerat
1565 1274 1722 1337 unde,
1751 1274 1923 1328 sinum
1944 1274 1956 1327 1

592 1384 692 1437 Ille
717 1385 848 1438 levis
872 1385 1075 1438 tumido
1100 1404 1276 1438 rerum
1294 1385 1529 1454 jactatur
1553 1385 1609 1437 in
1635 1393 1799 1448 aestu3

666 1498 937 1561 Nascitur,
967 1506 1035 1560 et,
1065 1498 1291 1551 volueris
1317 1499 1443 1550 dum
1468 1497 1609 1570 fugit
1634 1498 1778 1561 hora,
1806 1498 1958 1569 perit.

593 1610 836 1664 Pendula
859 1611 1102 1681 praesenti
1130 1610 1215 1663 Tu
1240 1630 1346 1663 non
1372 1611 1483 1664 sine
1508 1611 1723 1664 numine
1748 1611 1910 1664 moles

663 1720 993 1791 Perpetuum
1019 1729 1162 1774 certo
1187 1721 1355 1774 limite
1381 1721 1548 1774 flectis
1573 1721 1690 1774 iter.

1206 2217 1327 2254 LXI.

674 2327 864 2401 {Berzae
888 2331 944 2385 he
970 2329 1196 2402 OEempln
1223 2330 1478 2403 fflelpbim
1503 2329 1853 2387 nutabantur.

517 2489 665 2542 ILLA
691 2490 839 2543 ferox
866 2490 995 2543 odiis
1023 2491 1305 2544 Persarum
1330 2500 1520 2555 turma,
1548 2512 1642 2562 per
1667 2494 1822 2545 urbes

591 2602 845 2655 Hellados
870 2602 960 2653 illa
983 2603 1133 2673 gravi
1158 2603 1295 2655 bella
1320 2603 1495 2656 furore
1522 2603 1677 2665 ciens,

516 2714 557 2767 J
560 2734 644 2766 am
669 2721 901 2766 sanctam
927 2713 1256 2783 Delphorum
1282 2713 1443 2766 aedem
1470 2722 1523 2766 et
1549 2713 1789 2766 sublimia
1815 2713 2004 2767 Phoebi

588 2824 836 2887 Lumina,
865 2843 954 2894 spe
979 2823 1162 2894 praedae
1187 2823 1482 2887 fervidiore,
1509 2825 1660 2894 petit.

517 2935 750 3004 Jamque
776 2935 937 2988 instat
962 2954 1189 3004 praeoeps
1214 2935 1426 3005 templo,
1447 2936 1557 3004 jam
1583 2935 1747 2988 effusa
1770 2936 2008 2989 tumultu

589 3046 871 3099 Barbarico
897 3055 1143 3117 angustas
1168 3046 1399 3098 infremit
1425 3055 1546 3098 ante
1572 3046 1721 3099 fores·

519 3156 785 3212 Continuo
810 3157 1049 3211 horrifico
1075 3157 1299 3228 strepitu
1324 3165 1473 3210 tonat
1499 3158 1691 3210 arduus
1717 3158 1892 3221 aether,

590 3269 850 3340 Desuper,
878 3278 932 3322 et
957 3269 1146 3339 raptim
1171 3268 1382 3340 fulgura
1406 3269 1585 3322 erebra
1610 3270 1831 3333 oadunt3
