2418 3944
715 432 1110 474 ANTHOLOGIA
1153 433 1525 474 OXONIENSIS.
1894 437 1979 478 215

1070 771 1195 809 XIX.

739 883 1046 956 fflepretatin
1085 885 1150 941 ah
1189 883 1510 954 Qbynthiam.

448 1051 748 1105 ERRABAM
773 1052 922 1105 taciti
947 1052 1085 1106 solus
1110 1071 1204 1123 per
1228 1052 1408 1107 littora
1431 1053 1595 1124 ponti,

522 1163 704 1231 Quum
731 1164 819 1217 vix
849 1164 1157 1235 compositas
1183 1184 1310 1217 aura
1333 1174 1568 1218 moveret
1593 1186 1754 1235 aquas
1775 1187 1786 1219 :

448 1275 559 1330 Vix
585 1277 735 1330 oculo
760 1286 967 1347 poteras
991 1277 1185 1330 fluctus
1211 1297 1417 1331 servare
1442 1287 1744 1342 trementes,

519 1387 631 1440 Vix
656 1387 861 1440 lentum
886 1387 1058 1458 pelagi
1086 1388 1355 1458 concipere
1382 1408 1506 1442 aure
1531 1390 1706 1443 melos.

446 1497 715 1569 Quicquid
742 1509 870 1563 erat,
897 1508 1108 1571 gratum
1134 1501 1276 1553 cordi
1301 1502 1552 1555 suadebat
1578 1522 1821 1566 amorem,

516 1603 680 1657 Alma
705 1604 854 1674 quies
882 1604 1013 1668 coeli,
1042 1605 1233 1658 blanda
1257 1605 1467 1675 loquela
1491 1607 1675 1671 maris3

444 1713 655 1786 Quippe
680 1715 994 1768 videbantur
1017 1716 1159 1768 lenes
1184 1725 1279 1770 tua
1303 1717 1439 1769 ferre
1465 1719 1662 1771 susurri
1684 1783 1686 1785 ι

515 1827 758 1890 Nomina,
786 1837 840 1881 te
866 1813 1070 1891 coelum,
1098 1837 1152 1881 te
1178 1829 1380 1899 placida
1403 1830 1545 1883 unda
1569 1830 1729 1901 loqui.

442 1936 654 2008 Ergone
679 1937 880 1990 miraris
906 1937 1001 1991 soli
1026 1937 1124 1990 tibi
1149 1938 1325 1991 dedita
1350 1939 1519 2001 corda,

517 2047 766 2119 Cynthia,
794 2048 1026 2101 mandati
1051 2068 1157 2101 non
1182 2049 1475 2102 meminisse
1501 2050 1624 2103 tui?

441 2160 482 2215 J
487 2161 660 2214 ussisti
685 2181 808 2215 sane
835 2181 902 2214 ex
926 2162 1016 2214 illo
1041 2181 1124 2214 me
1150 2162 1329 2215 littore
1356 2162 1575 2215 conchas

514 2274 589 2326 Et
615 2274 832 2343 quaesita
857 2274 984 2345 algae
1010 2274 1146 2328 dona
1169 2275 1361 2327 referre
1387 2274 1519 2338 tibi3

441 2386 484 2440 J
486 2387 657 2440 ussisti
676 2421 742 2427 —
765 2396 818 2440 et
845 2388 1039 2441 circum
1064 2388 1254 2458 passim
1282 2388 1412 2441 levis
1438 2389 1556 2460 alga
1574 2390 1797 2458 jacebat,

512 2499 703 2553 Rarior
729 2509 782 2554 et
808 2502 1003 2555 concha
1028 2503 1257 2555 calculus
1282 2511 1404 2556 ante
1429 2503 1601 2573 pedes.

441 2610 548 2665 Ast
573 2631 670 2684 ego
695 2632 802 2666 non
827 2613 999 2684 algam
1023 2615 1189 2685 potui,
1218 2635 1323 2668 non
1349 2634 1560 2668 cernere
1587 2616 1821 2679 conchas,

511 2723 774 2794 Exposuit
799 2725 996 2779 frustra
1021 2735 1138 2780 tum
1162 2727 1290 2778 mihi
1316 2736 1506 2797 pontus
1532 2746 1655 2798 opes
1675 2747 1688 2791 3

445 2833 656 2889 Scilicet
682 2845 804 2889 ante
831 2837 1006 2890 oculos
1032 2846 1127 2890 tua
1151 2839 1459 2890 versabatur
1483 2837 1671 2909 imago,

514 2946 646 3000 Haec
672 2956 919 3012 mentem,
947 2968 1145 3012 senSUS,
1174 2948 1348 3001 omnia
1373 2949 1641 3019 surripuit.

443 3054 623 3124 Quare
649 3067 740 3110 aut
765 3058 1016 3112 dedoceas
1040 3058 1353 3111 immensum
1377 3067 1562 3129 pectus
1588 3078 1830 3121 amorem,

513 3161 695 3215 Errori
721 3171 813 3215 aut
837 3183 1032 3233 parcaS,
1059 3183 1181 3216 nam
1206 3172 1331 3216 tuus
1356 3164 1444 3216 ille
1469 3163 1586 3217 fuit.

1709 3275 1741 3307 J.
1760 3276 1798 3307 E.
1820 3276 1859 3307 B.
