2418 3944
883 438 967 479 AN
970 438 1275 481 THOLOGIA
1320 438 1671 480 OXONIENSIS
1678 467 1689 478 .

1191 719 1382 756 XLVII.

912 831 1183 904 &organis
1210 841 1287 891 est
1312 832 1418 890 3}aeae
1446 832 1660 907 faties.

537 982 702 1035 TOTA
726 982 913 1053 places,
941 1003 1058 1036 mea
1081 983 1176 1036 lux
1187 974 1204 1036 ’Σ
1243 983 1422 1037 vitreis
1448 1003 1542 1037 seu
1565 983 1764 1036 lumina
1787 983 2020 1055 gemmis,

612 1093 720 1148 Seu
743 1103 839 1147 tua
862 1103 986 1148 sunt
1010 1096 1204 1166 patulis
1228 1095 1346 1148 fusa
1369 1096 1558 1149 labella
1581 1095 1723 1149 rosis,

536 1206 835 1260 Dulciorat
859 1207 1006 1270 fietu,
1033 1208 1161 1260 mihi
1185 1209 1293 1261 risu
1318 1208 1517 1262 dulcior
1540 1209 1657 1271 isto,

612 1318 798 1386 Qualis
822 1320 959 1373 inest
985 1320 1172 1383 animo,
1199 1320 1386 1374 frontis
1412 1320 1585 1391 aprica
1610 1320 1771 1391 quies,

538 1432 647 1485 Hei
670 1431 825 1484 mihi!
865 1432 962 1485 sub
987 1433 1188 1503 placida
1211 1433 1383 1504 gliscit
1409 1432 1577 1503 sopita
1601 1433 1779 1486 favilla

609 1543 877 1606 Flamma3
916 1537 1087 1597 latent
1112 1544 1313 1614 placido
1338 1543 1592 1615 naufraga
1616 1544 1726 1596 fata
1749 1543 1907 1597 mari!

537 1655 780 1709 Ventilet
806 1656 1070 1708 occultum
1094 1655 1193 1709 tibi
1218 1655 1261 1708 si
1285 1655 1414 1709 levis
1440 1676 1566 1708 aura
1589 1655 1835 1719 furorem,

608 1767 702 1819 Fis
726 1766 853 1818 mihi
881 1767 1178 1837 Tisiphone,
1208 1786 1324 1836 quae
1349 1767 1502 1820 modo
1526 1767 1667 1820 dicta
1693 1767 1893 1821 Venus·

538 1877 627 1929 Ira
651 1877 835 1929 domus
859 1876 1020 1939 laetas,
1049 1885 1187 1930 totas
1214 1886 1267 1930 et
1293 1877 1518 1947 perdidit
1544 1877 1734 1940 urbes3

611 1987 701 2039 Ira
725 1986 852 2039 tulit
878 1986 1105 2039 subitam
1131 1986 1530 2057 sanguinolenta
1554 2006 1750 2040 necem.

541 2096 660 2150 Ah!
700 2105 896 2167 pereat,
925 2105 1135 2149 tantum
1162 2116 1278 2165 quae
1305 2097 1518 2167 surripit
1544 2097 1621 2149 ira
1645 2097 1912 2151 decorem!

614 2208 736 2261 Hoc
762 2228 865 2271 rea,
893 2227 1026 2277 quae,
1055 2206 1162 2261 solo
1188 2208 1417 2271 crimine,
1446 2209 1600 2279 culpa
1624 2209 1773 2262 foret.

1181 2671 1394 2708 XLVIII.

1118 2778 1455 2856 ffletusalem.

615 2933 807 2985 INTER
834 2950 1073 2984 arenosas
1099 2930 1277 2992 valles,
1307 2931 1402 2982 sub
1428 2948 1559 2999 rupe
1591 2928 1764 2982 Sionis

687 3043 973 3096 Hebraeum
1005 3040 1155 3094 Siloae
1181 3059 1288 3110 qua
1310 3039 1447 3110 rigat
1471 3039 1612 3091 unda
1636 3039 1820 3101 solum,

617 3154 864 3209 Ostendit
890 3173 1030 3206 raras
1057 3152 1237 3204 subter
1254 3152 1386 3222 juga
1411 3170 1566 3203 saxea
1591 3159 1780 3213 turres,

688 3269 735 3321 F
739 3269 852 3321 oeda
877 3268 998 3330 sitn,
1028 3275 1081 3320 et
1106 3266 1273 3336 prisco
1300 3285 1440 3318 cassa
1466 3265 1666 3327 decore,
1700 3264 1887 3319 Salem.
