2418 3944
393 427 475 467 184

827 423 1227 467 ANTHOLOGIA
1269 424 1643 467 OXONIENSIS.

553 692 898 762 Alloquitur3
938 691 1135 763 frigent
1161 691 1394 745 solennia
1417 690 1578 744 verba
1600 690 1873 760 loquenti3
1902 734 1905 740 .

622 805 786 858 Risus
810 805 948 858 inest
972 803 1204 875 placidis,
1233 803 1403 872 qualis
1428 811 1483 856 et
1508 811 1648 866 ante,
1674 803 1833 857 labris
1853 823 1865 856 :

552 913 746 967 Nescia
770 913 861 966 sed
885 932 991 967 non
1017 932 1133 966 sum
1159 912 1288 982 quid
1312 911 1504 966 fortem
1528 920 1776 981 torqueat
1800 913 1974 976 intus3

623 1026 809 1079 Haeret
836 1026 976 1079 enim
1000 1025 1228 1078 tremulo
1253 1044 1356 1077 vox
1382 1023 1556 1095 gravis
1580 1024 1672 1076 illa
1696 1043 1835 1078 sono.

547 1257 672 1328 Ipsa
695 1255 924 1309 maritali
949 1255 1098 1308 cultu
1123 1255 1417 1308 miseranda
1440 1254 1690 1316 nitebam,

620 1366 749 1419 Non
774 1366 947 1418 minus
972 1365 1171 1418 albenti
1196 1364 1415 1418 candida
1440 1372 1586 1418 veste
1612 1383 1790 1417 nurus.

548 1476 706 1531 Clara
729 1476 858 1528 mihi
883 1484 1081 1529 comtos
1107 1475 1325 1529 ornabat
1351 1494 1560 1546 gemma
1584 1474 1824 1545 capillos:

618 1586 719 1638 Ille
744 1585 942 1638 micans
968 1584 1084 1637 odio
1111 1603 1270 1653 quam
1295 1584 1423 1636 mihi
1448 1583 1623 1655 fulgor
1649 1593 1760 1638 erat
1782 1584 1794 1636 Ῐ

547 1817 788 1871 Nominis
813 1816 1011 1886 accepti
1040 1824 1333 1869 consortem
1358 1816 1499 1869 dicta
1524 1817 1772 1880 salutant,

617 1930 870 1983 Protinus
896 1937 950 1982 et
977 1929 1187 1998 conjux,
1215 1947 1321 1981 non
1348 1947 1457 1990 sua,
1485 1927 1586 1981 rite
1613 1947 1782 1981 vocor.

545 2042 726 2111 Hujus
752 2050 806 2094 at
833 2041 899 2093 ah
920 2040 931 2093 l
970 2048 1122 2103 natae,
1150 2040 1285 2093 male
1311 2040 1581 2093 consiliata
1604 2040 1819 2103 labanti,

617 2151 880 2221 Improba,
907 2160 986 2214 tn,
1013 2160 1199 2213 mater,
1227 2169 1383 2203 causa
1407 2150 1597 2204 doloris
1623 2151 1768 2204 eras!

545 2379 660 2432 Nec
686 2378 811 2431 satis
835 2377 889 2430 id
914 2397 1079 2448 poenae
1102 2398 1114 2430 :
1157 2378 1318 2431 semel
1343 2387 1398 2431 at
1424 2379 1761 2432 convenimus
1785 2399 1891 2432 una

616 2489 823 2541 Rursus
842 2509 855 2551 3
898 2497 952 2541 et
978 2489 1183 2541 astabat
1206 2489 1388 2559 pulcra
1410 2490 1588 2559 puella
1611 2508 1795 2543 comes.

545 2600 645 2653 Ille
671 2600 960 2662 renidebat,
989 2600 1244 2653 submissa
1269 2610 1323 2653 et
1349 2620 1475 2654 voce
1499 2602 1667 2654 beatae

618 2711 791 2764 Dulce
817 2711 1136 2774 susurrabat,
1165 2711 1301 2764 sicut
1328 2720 1382 2764 et
1408 2720 1531 2764 ante
1556 2712 1683 2763 mihi
1703 2732 1715 2763 ε

545 2944 649 2996 Illa
671 2942 864 3014 gradus
890 2942 1025 2994 socio
1050 2942 1291 2994 firmabat
1315 2943 1440 2995 nixa
1467 2944 1678 3006 lacertO,

622 3055 733 3122 Qui
757 3054 902 3124 prius
926 3053 1067 3106 haud.
1093 3054 1196 3116 alii,
1225 3073 1384 3123 quam
1409 3055 1552 3118 mihi,
1575 3055 1776 3108 dandus
1801 3064 1927 3109 erat.

546 3169 642 3222 Me
661 3168 902 3221 miseram
922 3175 976 3220 et
997 3167 1158 3220 solam
1176 3166 1188 3219 l
1227 3167 1317 3220 sed
1337 3175 1391 3220 et
1409 3167 1508 3221 hoc
1527 3168 1721 3222 sentire
1739 3168 1999 3222 merebar!
2059 3217 2062 3220 ,

620 3281 736 3333 Nec
760 3288 996 3350 poteram
1019 3279 1275 3349 lacrymas
1300 3280 1616 3334 continuisse
1641 3301 1796 3335 meas.
