2418 3944
701 401 785 441 AN
787 399 1095 443 THOLOGIA
1140 396 1513 440 OXONIENSIS.
1888 394 1973 439 247

456 670 579 727 Sola
601 670 708 724 tuis
732 670 788 723 in
812 678 867 723 te
893 688 1008 740 spes
1033 668 1282 722 inclinata
1304 665 1592 728 recumbit3

527 784 664 838 Tota
687 783 824 855 perit
850 782 1063 846 Priami,
1090 790 1145 835 te
1169 788 1440 852 pereunte,
1468 779 1665 832 domus,

457 895 604 964 Quin
629 915 742 967 age,
762 896 873 964 jam
898 894 1110 948 tandem
1135 892 1284 946 nimii
1309 892 1554 945 miserere
1579 889 1785 952 doloriS,

531 1006 718 1076 Sitque
743 1015 839 1060 tua
862 1006 1011 1059 nobis
1035 1013 1187 1076 parta
1211 1004 1379 1057 salute
1406 1002 1558 1055 salus·

1051 1348 1130 1384 XL
1138 1347 1216 1384 VI.

1057 1437 1193 1496 Uer.

387 1569 557 1624 VERE
582 1590 719 1623 novo
746 1578 806 1622 ut
831 1570 1023 1640 primos
1048 1570 1206 1624 tellus
1232 1569 1462 1623 resoluta
1485 1577 1692 1639 tepores

457 1681 683 1753 Accipit,
712 1691 766 1736 et
794 1682 1022 1753 Zephyri
1046 1682 1221 1736 mitior
1246 1702 1372 1734 aura
1395 1681 1567 1735 favet:

387 1793 636 1857 Plurima,
665 1811 781 1862 quae
806 1793 959 1846 nudae
984 1802 1190 1863 reparet
1216 1792 1486 1863 dispendia
1510 1792 1667 1855 silvae,

455 1905 633 1959 Lenta
656 1913 828 1958 tumet
854 1905 1038 1975 spissas
1062 1924 1269 1976 gemma
1292 1904 1479 1957 datura
1503 1923 1687 1957 comae.

384 2017 461 2070 Et
479 2017 591 2087 jam
615 2025 768 2087 prata
791 2016 930 2070 inter
954 2036 1049 2087 per
1072 2017 1193 2069 laxa
1217 2015 1471 2070 foramina
1495 2024 1647 2069 terrae

457 2129 657 2183 Laetior
682 2148 749 2182 ex
773 2128 878 2182 udo
902 2128 1129 2199 pullulat
1153 2128 1315 2182 herba
1339 2128 1461 2182 solo.

384 2241 613 2312 Propter
638 2259 829 2310 aquam
853 2249 1040 2294 tenues
1064 2240 1230 2293 musci
1254 2259 1453 2310 perque
1478 2240 1692 2293 humida
1717 2260 1842 2293 saxa

457 2351 799 2423 Praecingunt
824 2351 982 2404 titulo
1007 2351 1128 2404 viva
1151 2351 1352 2405 fluenta
1375 2360 1505 2405 toro.

384 2464 717 2534 Roscidaque
741 2464 797 2516 in
823 2464 942 2518 solis
969 2464 1167 2534 spirant
1193 2464 1407 2518 violaria
1430 2465 1572 2535 ripis,

457 2575 534 2628 Et
557 2594 719 2646 prope
744 2575 941 2629 luteolo
966 2576 1193 2646 primula
1215 2575 1342 2629 flore
1367 2576 1512 2629 latet.

387 2685 526 2739 Tum
551 2669 731 2739 crocus
755 2686 1035 2739 obductam
1060 2686 1205 2739 lento
1231 2686 1498 2739 conamine
1517 2686 1726 2758 glebam

457 2797 725 2860 Dimovet,
754 2806 808 2851 et
835 2817 1088 2850 summam
1112 2797 1280 2851 flavus
1303 2798 1512 2851 inaurat
1538 2798 1771 2850 humum.

382 2908 615 2977 Jamque
642 2917 696 2962 et
720 2909 980 2962 mellitum
1006 2910 1233 2972 calicem,
1265 2909 1526 2972 Narcisse,
1554 2909 1792 2971 recludiS,

458 3019 617 3073 Unde
642 3018 788 3073 favos
813 3020 934 3074 olim
962 3020 1140 3073 sedula
1164 3020 1298 3073 ditet
1323 3020 1447 3090 apis·

391 3129 479 3185 Sic
504 3131 626 3183 laeta
651 3131 844 3184 aestatis
869 3130 1042 3194 facieS,
1072 3139 1125 3184 et
1149 3131 1329 3200 purior
1353 3130 1529 3193 aether,

457 3241 697 3295 Pulcrior
721 3242 861 3294 haud
886 3261 1119 3311 unquam
1147 3242 1306 3295 Flora
1330 3242 1598 3312 profundit
1623 3261 1759 3312 opes·

1811 3349 1871 3383 W.

206 3474 603 3498 ῑ--.-...-.-....-.,-
1085 3494 1112 3496 7,
1128 3494 1209 3496 ,Νὴ
1250 3494 1282 3496 ἡ
1556 3492 1584 3495 Q
