2418 3944
723 463 808 504 AN
809 462 1122 505 THOLOGIA
1165 461 1537 504 OXONIENSIS.
1899 462 1976 502 181

1047 762 1138 799 CV.

560 857 632 915 3111
660 857 993 931 &palmatam
1023 860 1166 931 §uxta
1192 857 1435 934 :fflumm
1462 857 1640 914 sitam,

438 1004 588 1059 HAEC
615 1016 754 1060 amat
780 1027 904 1062 arva
932 1007 1100 1072 SaluS,
1128 1009 1286 1062 roseis
1311 1010 1408 1061 dea
1433 1007 1613 1078 pulcra
1635 1006 1852 1069 labellis,

511 1117 728 1187 Isteque
755 1121 978 1191 sopitam
1003 1141 1135 1191 saepe
1162 1140 1393 1174 recessus
1417 1119 1577 1173 habet
1597 1140 1610 1182 3

443 1226 526 1282 Sit
551 1229 649 1282 tibi
673 1231 912 1300 pumicea
936 1232 979 1284 si
1004 1251 1110 1285 non
1135 1232 1351 1285 inventa
1375 1231 1473 1284 sub
1500 1230 1700 1293 umbra,

513 1340 663 1394 Insili
682 1375 753 1382 —
775 1352 828 1396 et
853 1344 908 1395 in
933 1344 1117 1414 gelidis
1143 1344 1441 1398 invenietur
1467 1343 1630 1412 aquis,

1063 1775 1179 1812 CVI.

338 2016 587 2069 ΠΛΗΞΙΟΝ
617 2017 784 2071 ἵστατ’
811 2023 958 2087 ἐμοῦ·
985 2022 1184 2076 πουλὺς
1209 2022 1252 2075 δ’
1278 2026 1328 2076 ἐς
1352 2022 1540 2076 ταυτὸν
1564 2022 1745 2090 ὅμιλος

409 2131 624 2199 ἤλυθεν·
650 2134 713 2201 ἣν
738 2134 781 2188 δ’
806 2136 995 2191 ἐσιδεῖν
1019 2139 1156 2192 ὥστε
1178 2141 1232 2207 μ’
1258 2141 1575 2209 ἀλευάμενος.

336 2250 404 2304 ὡς
429 2249 473 2303 δ’
498 2250 617 2316 ἴδον,
646 2253 715 2307 ὡς
739 2253 1031 2309 ἄπνευστον
1054 2256 1172 2310 ἕλεν
1197 2257 1306 2312 δέος
1331 2258 1648 2332 εἰσορόωσαν
1669 2278 1680 2290 ·

412 2368 527 2423 οὐδὲ
552 2371 724 2443 φέρειν
750 2372 978 2441 δυνάμην
1002 2375 1146 2443 ὄμμα
1170 2375 1604 2450 προσερχομένου.

340 2488 567 2543 ὕστατον
591 2490 659 2544 αὖ
682 2493 1008 2563 προσέειπεν,
1037 2493 1160 2549 ἔπος
1184 2497 1229 2548 τ’
1253 2494 1417 2568 ἔφατ’,
1449 2496 1518 2550 ὡς
1542 2495 1601 2549 τὸ
1627 2495 1794 2567 πάρος
1817 2517 1915 2566 περ

410 2609 905 2686 μειδιόων,’ψυχρὸς
930 2613 972 2667 δ’
999 2613 1175 2669 ἔπλετ’
1199 2620 1250 2670 ἐς
1274 2615 1384 2669 ὦτα
1407 2614 1578 2685 λόγος.

337 2725 463 2779 ἀλλ’
488 2727 548 2780 οὐ
570 2727 676 2796 μὰν
699 2727 801 2801 νγὰρ
850 2728 1007 2796 ἔληθέ
1028 2732 1083 2799 μ’
1108 2730 1243 2805 ἔχων
1265 2732 1416 2800 μάλα
1440 2732 1598 2800 κήδεα
1623 2733 1792 2805 θυμῷ’

411 2845 471 2899 οὐ
493 2844 596 2918 «γὰρ
621 2845 690 2900 ἔτ’
717 2847 979 2920 ἀστεμφὲς
1004 2851 1208 2921 φώνεεν,
1237 2852 1305 2905 ὡς
1327 2850 1515 2923 ἐφίλει.

338 2963 520 3020 λευκὸς
542 2966 636 3034 μέν
658 2989 749 3035 μοι
773 2969 978 3024 πέπλος
1002 2969 1103 3036 ἔην,
1132 2975 1376 3044 νυμφεῖον
1399 2951 1633 3042 ι’ῖνγαλμα,

414 3087 506 3138 τοῦ
531 3083 574 3138 δ’
598 3086 795 3158 ἐφάνην
818 3087 950 3156 αὐτὴ
975 3089 1064 3143 καὶ
1088 3090 1230 3143 πολὺ
1254 3091 1547 3164 λευκοτέρη.

342 3201 620 3271 κόσμοισιν
645 3204 688 3258 δ’
711 3207 941 3275 ἤσκηντο
966 3207 1124 3277 κόμαι
1148 3214 1406 3264 πολλοῖσι
1430 3215 1670 3282 φαεινοῖς,

416 3322 483 3375 ὡς
507 3321 550 3375 δ’
574 3323 686 3390 ἐμοὶ
710 3326 768 3392 ἐξ
790 3326 959 3380 αὐτῶν
984 3328 1205 3396 στυγνὸν
1230 3327 1436 3398 ἔλαμπε
1461 3330 1638 3384 σέλας.
2074 3354 2076 3395 p
