2418 3944
713 440 1111 483 ANTHOLOGIA
1155 439 1530 481 OXONIENSIS.
1897 439 1974 480 191

376 711 539 765 Mitia
563 711 694 780 quin
719 711 936 782 gravido
963 718 1200 764 rorarent
1225 709 1426 762 lumina
1449 709 1582 762 fletu
1602 728 1615 771 ;

376 822 511 877 Tam
533 843 694 895 grave
721 842 842 876 cum
866 823 1017 894 regni
1042 822 1264 893 pondus,
1293 841 1414 875 cum
1439 820 1642 874 lubrica
1666 839 1858 882 rerum,

373 935 678 1004 Demtaque
703 935 920 1006 privatae
947 934 1168 988 sentires
1193 933 1386 1004 gaudia
1411 933 1548 986 vitae.

376 1047 431 1102 N
433 1067 494 1102 ec
517 1056 696 1101 tamen
720 1047 854 1101 hanc
878 1047 1021 1100 ultra
1045 1047 1261 1100 doluisti
1285 1046 1431 1117 regia
1455 1054 1680 1108 sortem3

379 1158 486 1214 Sed
510 1159 686 1223 decue,
714 1167 769 1212 et
795 1159 970 1229 stirpis
995 1178 1258 1229 generosae
1284 1157 1515 1210 mascula
1538 1156 1724 1218 virtue,

380 1271 487 1327 Sed
510 1272 635 1325 data
658 1281 712 1325 te
738 1271 945 1324 monuit
969 1271 1144 1342 gentis
1169 1271 1268 1324 tibi
1288 1289 1418 1322 ‘cura
1444 1269 1741 1322 Britannae:

378 1385 533 1466 Tunc
557 1386 722 1440 oculis
747 1385 948 1439 rediere
975 1385 1125 1454 quies
1144 1392 1199 1436 et
1225 1383 1440 1454 spiritus
1466 1382 1542 1434 ori

376 1495 606 1559 Firmus,
635 1504 690 1549 et
713 1496 920 1548 incessu
946 1494 1122 1548 stabili
1146 1493 1330 1565 regina
1353 1492 1586 1563 patebas.

381 1607 518 1676 Quis
541 1608 629 1679 pia
652 1608 853 1661 miratis
877 1607 1108 1661 tentavit
1133 1606 1290 1659 corda
1315 1603 1588 1658 Britannis

378 1719 581 1784 Motus,
610 1729 664 1774 et
689 1720 901 1773 insolita
919 1705 1162 1790 ¹trepidus
1187 1718 1464 1772 dulcedine
1490 1716 1703 1771 sensus!

378 1833 454 1886 Et
479 1833 580 1886 nisi
604 1833 910 1886 fraenassent
936 1832 1102 1885 sancti
1127 1830 1425 1885 reverentia
1448 1830 1629 1883 vultus

375 1942 614 2012 Altaque
640 1942 841 1995 solenni
867 1941 1121 1995 servanda
1147 1941 1354 1994 silentia
1379 1940 1506 2002 ritu,

379 2051 603 2107 Concita
626 2052 881 2123 praecipiti
905 2052 1240 2105 fremuissent
1267 2051 1477 2122 agmina
1500 2050 1706 2120 plausu,

378 2163 545 2217 Ebria
567 2163 910 2217 bacchantem
935 2182 1109 2232 neque
1134 2183 1283 2216 mens
1308 2162 1559 2216 tacuisset
1585 2180 1830 2214 amorem.

380 2274 570 2338 Utere,
597 2275 725 2328 dum
749 2275 828 2327 sas
855 2284 951 2338 est,
980 2295 1086 2345 quo
1113 2276 1222 2328 sola
1245 2274 1430 2345 potiris
1456 2275 1512 2326 in
1537 2274 1704 2344 ipsam
1770 2277 1775 2281 ’

379 2386 648 2440 Arbitrio:
690 2386 864 2440 brevis
889 2387 980 2439 illa
1004 2387 1104 2440 tibi
1130 2406 1374 2440 concessa
1398 2394 1632 2457 potestas

377 2487 577 2552 Libera
600 2505 715 2552 tota
731 2499 852 2569 jugi
872 2519 885 2562 3
928 2507 1241 2570 sceptroque
1268 2499 1527 2552 valentior
1552 2498 1655 2550 isto

382 2609 453 2664 In
478 2629 572 2663 sua
596 2619 772 2664 castus
796 2630 941 2663 amor
967 2611 1173 2683 rediget
1198 2620 1252 2664 te
1271 2612 1395 2681 jura
1419 2610 1689 2673 libentem,

380 2721 521 2776 Cum
546 2730 640 2775 tua
665 2729 720 2775 te
746 2722 905 2793 digno
930 2723 1143 2776 tradens
1161 2724 1342 2792 jurata
1366 2722 1556 2774 marito

379 2836 580 2907 Sponte
607 2836 736 2890 fides
763 2836 964 2907 cupidis
990 2837 1231 2907 implebit
1259 2845 1384 2890 vota
1410 2835 1686 2889 Britannis
1710 2856 1722 2898 3

381 2948 575 3019 Tuque
601 2968 751 3020 reges
776 2949 909 3012 11108,
939 2950 1119 3003 eadem
1144 2950 1350 3020 parebis
1377 2957 1432 3002 at
1457 2949 1567 3011 uni,

382 3061 493 3130 Qui
517 3071 695 3116 tamen
722 3071 777 3117 et
803 3064 1067 3116 dominam
1092 3063 1230 3116 colet
1255 3063 1384 3133 ipse,
1412 3071 1630 3133 regetur
1655 3071 1709 3115 et
1735 3061 1890 3114 ultro·
