<?xml version="1.0" encoding="UTF-8"?>
<!DOCTYPE html PUBLIC "-//W3C//DTD XHTML 1.0 Transitional//EN"
    "http://www.w3.org/TR/xhtml1/DTD/xhtml1-transitional.dtd">
<html xmlns="http://www.w3.org/1999/xhtml" xml:lang="en" lang="en">
 <head>
  <title>
</title>
<meta http-equiv="Content-Type" content="text/html;charset=utf-8" />
  <meta name='ocr-system' content='tesseract 3.04.00' />
  <meta name='ocr-capabilities' content='ocr_page ocr_carea ocr_par ocr_line ocrx_word'/>
</head>
<body>
  <div class='ocr_page' id='page_1' title='image "./anthologiaoxonie00linwuoft_0169.png"; bbox 0 0 2418 3944; ppageno 0'>
   <div class='ocr_carea' id='block_1_1' title="bbox 754 453 2011 496">
    <p class='ocr_par' dir='ltr' id='par_1_1' title="bbox 754 453 2011 496">
     <span class='ocr_line' id='line_1_1' title="bbox 754 453 2011 496; baseline -0.002 0"><span class='ocrx_word' id='word_1_1' title='bbox 754 454 1150 496; x_wconf 86' lang='lat' dir='ltr'>ANTHOLOGIA</span> <span class='ocrx_word' id='word_1_2' title='bbox 1193 453 1566 495; x_wconf 85' lang='lat' dir='ltr'>OXONIENSIS.</span> <span class='ocrx_word' id='word_1_3' title='bbox 1930 454 2011 493; x_wconf 85' lang='lat'><strong>143</strong></span> 
     </span>
    </p>
   </div>
   <div class='ocr_carea' id='block_1_2' title="bbox 924 739 1481 905">
    <p class='ocr_par' dir='ltr' id='par_1_2' title="bbox 924 739 1481 905">
     <span class='ocr_line' id='line_1_2' title="bbox 1093 739 1299 776; baseline 0 -1"><span class='ocrx_word' id='word_1_4' title='bbox 1093 739 1299 776; x_wconf 89' lang='lat' dir='ltr'>LXXXI.</span> 
     </span>
     <span class='ocr_line' id='line_1_3' title="bbox 924 830 1481 905; baseline -0.009 -13"><span class='ocrx_word' id='word_1_5' title='bbox 924 832 1235 905; x_wconf 53' lang='lat' dir='ltr'><strong>wetipimut</strong></span> <span class='ocrx_word' id='word_1_6' title='bbox 1273 830 1481 904; x_wconf 61' lang='lat' dir='ltr'><strong>§opeda</strong></span> 
     </span>
    </p>
   </div>
   <div class='ocr_carea' id='block_1_3' title="bbox 455 980 1733 1170">
    <p class='ocr_par' dir='ltr' id='par_1_3' title="bbox 455 980 1733 1170">
     <span class='ocr_line' id='line_1_4' title="bbox 455 980 1618 1041; baseline -0.007 -1"><span class='ocrx_word' id='word_1_7' title='bbox 455 985 685 1041; x_wconf 86' lang='lat' dir='ltr'>SAEPIUS</span> <span class='ocrx_word' id='word_1_8' title='bbox 709 985 958 1039; x_wconf 83' lang='lat' dir='ltr'><strong>acelivem</strong></span> <span class='ocrx_word' id='word_1_9' title='bbox 983 1002 1188 1037; x_wconf 83' lang='lat' dir='ltr'><strong>croceos</strong></span> <span class='ocrx_word' id='word_1_10' title='bbox 1213 982 1399 1035; x_wconf 88' lang='lat' dir='ltr'><strong>induta</strong></span> <span class='ocrx_word' id='word_1_11' title='bbox 1423 980 1618 1034; x_wconf 81' lang='lat' dir='ltr'><strong>colores</strong></span> 
     </span>
     <span class='ocr_line' id='line_1_5' title="bbox 525 1093 1733 1170; baseline -0.007 -18"><span class='ocrx_word' id='word_1_12' title='bbox 525 1099 739 1152; x_wconf 91' lang='lat' dir='ltr'><strong>Aurora</strong></span> <span class='ocrx_word' id='word_1_13' title='bbox 761 1097 1057 1170; x_wconf 73' lang='lat' dir='ltr'>ingreditur</span> <span class='ocrx_word' id='word_1_14' title='bbox 1081 1116 1187 1149; x_wconf 89' lang='lat' dir='ltr'><strong>non</strong></span> <span class='ocrx_word' id='word_1_15' title='bbox 1214 1095 1324 1148; x_wconf 83' lang='lat' dir='ltr'><strong>sine</strong></span> <span class='ocrx_word' id='word_1_16' title='bbox 1350 1093 1534 1147; x_wconf 86' lang='lat' dir='ltr'><strong>fraude</strong></span> <span class='ocrx_word' id='word_1_17' title='bbox 1560 1093 1699 1146; x_wconf 88' lang='lat' dir='ltr'><strong>viam</strong></span> <span class='ocrx_word' id='word_1_18' title='bbox 1720 1113 1733 1154; x_wconf 81' lang='lat'><em>3</em></span> 
     </span>
    </p>
   </div>
   <div class='ocr_carea' id='block_1_4' title="bbox 455 1205 1478 1280">
    <p class='ocr_par' dir='ltr' id='par_1_4' title="bbox 455 1205 1478 1280">
     <span class='ocr_line' id='line_1_6' title="bbox 455 1205 1478 1280; baseline -0.008 -16"><span class='ocrx_word' id='word_1_19' title='bbox 455 1208 656 1280; x_wconf 81' lang='lat' dir='ltr'><strong>Saepius</strong></span> <span class='ocrx_word' id='word_1_20' title='bbox 682 1217 736 1262; x_wconf 89' lang='lat' dir='ltr'><strong>et</strong></span> <span class='ocrx_word' id='word_1_21' title='bbox 761 1209 882 1262; x_wconf 90' lang='lat' dir='ltr'><strong>laeto</strong></span> <span class='ocrx_word' id='word_1_22' title='bbox 908 1208 1043 1261; x_wconf 82' lang='lat' dir='ltr'><strong>celat</strong></span> <span class='ocrx_word' id='word_1_23' title='bbox 1069 1206 1297 1277; x_wconf 87' lang='lat' dir='ltr'><strong>perjuria</strong></span> <span class='ocrx_word' id='word_1_24' title='bbox 1322 1205 1478 1258; x_wconf 90' lang='lat' dir='ltr'><strong>vultu</strong></span> 
     </span>
    </p>
   </div>
   <div class='ocr_carea' id='block_1_5' title="bbox 525 1313 1770 1386">
    <p class='ocr_par' dir='ltr' id='par_1_5' title="bbox 525 1313 1770 1386">
     <span class='ocr_line' id='line_1_7' title="bbox 525 1313 1770 1386; baseline -0.006 -16"><span class='ocrx_word' id='word_1_25' title='bbox 525 1317 760 1370; x_wconf 81' lang='lat' dir='ltr'><strong>Phoebus</strong></span> <span class='ocrx_word' id='word_1_26' title='bbox 784 1317 839 1369; x_wconf 91' lang='lat' dir='ltr'><strong>in</strong></span> <span class='ocrx_word' id='word_1_27' title='bbox 867 1315 1154 1386; x_wconf 81' lang='lat' dir='ltr'><strong>Hesperias</strong></span> <span class='ocrx_word' id='word_1_28' title='bbox 1178 1333 1302 1366; x_wconf 85' lang='lat' dir='ltr'><strong>mox</strong></span> <span class='ocrx_word' id='word_1_29' title='bbox 1327 1313 1566 1365; x_wconf 83' lang='lat' dir='ltr'><strong>ruiturus</strong></span> <span class='ocrx_word' id='word_1_30' title='bbox 1592 1330 1770 1381; x_wconf 76' lang='lat' dir='ltr'><strong>aquas·</strong></span> 
     </span>
    </p>
   </div>
   <div class='ocr_carea' id='block_1_6' title="bbox 451 1497 1827 1793">
    <p class='ocr_par' dir='ltr' id='par_1_6' title="bbox 451 1497 1827 1793">
     <span class='ocr_line' id='line_1_8' title="bbox 453 1497 1827 1570; baseline -0.005 -14"><span class='ocrx_word' id='word_1_31' title='bbox 453 1503 507 1556; x_wconf 91' lang='lat' dir='ltr'>N</span> <span class='ocrx_word' id='word_1_32' title='bbox 510 1522 569 1557; x_wconf 84' lang='lat' dir='ltr'><strong>eo</strong></span> <span class='ocrx_word' id='word_1_33' title='bbox 593 1522 710 1556; x_wconf 91' lang='lat' dir='ltr'><strong>raro</strong></span> <span class='ocrx_word' id='word_1_34' title='bbox 735 1503 1001 1556; x_wconf 78' lang='lat' dir='ltr'>incautam</span> <span class='ocrx_word' id='word_1_35' title='bbox 1026 1501 1112 1554; x_wconf 90' lang='lat' dir='ltr'><strong>vel</strong></span> <span class='ocrx_word' id='word_1_36' title='bbox 1138 1519 1254 1570; x_wconf 87' lang='lat' dir='ltr'><strong>quae</strong></span> <span class='ocrx_word' id='word_1_37' title='bbox 1280 1498 1628 1570; x_wconf 81' lang='lat' dir='ltr'><strong>placidissima</strong></span> <span class='ocrx_word' id='word_1_38' title='bbox 1653 1497 1827 1550; x_wconf 83' lang='lat' dir='ltr'><strong>rident</strong></span> 
     </span>
     <span class='ocr_line' id='line_1_9' title="bbox 527 1608 1660 1681; baseline -0.007 -15"><span class='ocrx_word' id='word_1_39' title='bbox 527 1610 800 1681; x_wconf 88' lang='lat' dir='ltr'><strong>Ceperunt</strong></span> <span class='ocrx_word' id='word_1_40' title='bbox 825 1611 951 1663; x_wconf 84' lang='lat' dir='ltr'><strong>ficta</strong></span> <span class='ocrx_word' id='word_1_41' title='bbox 975 1628 1233 1662; x_wconf 89' lang='lat' dir='ltr'><strong>marmora</strong></span> <span class='ocrx_word' id='word_1_42' title='bbox 1256 1608 1431 1661; x_wconf 90' lang='lat' dir='ltr'><strong>fronte</strong></span> <span class='ocrx_word' id='word_1_43' title='bbox 1456 1615 1626 1659; x_wconf 91' lang='lat' dir='ltr'><strong>ratem</strong></span> <span class='ocrx_word' id='word_1_44' title='bbox 1647 1625 1660 1669; x_wconf 83' lang='lat'><em>3</em></span> 
     </span>
     <span class='ocr_line' id='line_1_10' title="bbox 451 1719 1683 1793; baseline -0.005 -17"><span class='ocrx_word' id='word_1_45' title='bbox 451 1723 528 1776; x_wconf 81' lang='lat' dir='ltr'><strong>Et</strong></span> <span class='ocrx_word' id='word_1_46' title='bbox 553 1722 758 1793; x_wconf 83' lang='lat' dir='ltr'><strong>siforte</strong></span> <span class='ocrx_word' id='word_1_47' title='bbox 785 1723 890 1775; x_wconf 80' lang='lat' dir='ltr'><strong>suis</strong></span> <span class='ocrx_word' id='word_1_48' title='bbox 915 1722 1050 1775; x_wconf 94' lang='lat' dir='ltr'><strong>male</strong></span> <span class='ocrx_word' id='word_1_49' title='bbox 1076 1721 1288 1775; x_wconf 82' lang='lat' dir='ltr'><strong>credula</strong></span> <span class='ocrx_word' id='word_1_50' title='bbox 1312 1720 1487 1773; x_wconf 87' lang='lat' dir='ltr'><strong>fiderit</strong></span> <span class='ocrx_word' id='word_1_51' title='bbox 1513 1719 1683 1780; x_wconf 79' lang='lat' dir='ltr'><strong>astriS‚</strong></span> 
     </span>
    </p>
   </div>
   <div class='ocr_carea' id='block_1_7' title="bbox 528 1829 1681 1900">
    <p class='ocr_par' dir='ltr' id='par_1_7' title="bbox 528 1829 1681 1900">
     <span class='ocr_line' id='line_1_11' title="bbox 528 1829 1681 1900; baseline -0.006 -13"><span class='ocrx_word' id='word_1_52' title='bbox 528 1831 736 1887; x_wconf 78' lang='lat' dir='ltr'><strong>Sentiet</strong></span> <span class='ocrx_word' id='word_1_53' title='bbox 762 1841 902 1886; x_wconf 82' lang='lat' dir='ltr'><strong>astra</strong></span> <span class='ocrx_word' id='word_1_54' title='bbox 925 1832 1102 1885; x_wconf 86' lang='lat' dir='ltr'><strong>datam</strong></span> <span class='ocrx_word' id='word_1_55' title='bbox 1127 1830 1307 1884; x_wconf 88' lang='lat' dir='ltr'><strong>fallere</strong></span> <span class='ocrx_word' id='word_1_56' title='bbox 1333 1849 1482 1900; x_wconf 82' lang='lat' dir='ltr'><strong>posse</strong></span> <span class='ocrx_word' id='word_1_57' title='bbox 1508 1829 1681 1882; x_wconf 90' lang='lat' dir='ltr'><strong>fidem.</strong></span> 
     </span>
    </p>
   </div>
   <div class='ocr_carea' id='block_1_8' title="bbox 449 2014 1865 2310">
    <p class='ocr_par' dir='ltr' id='par_1_8' title="bbox 449 2014 1865 2310">
     <span class='ocr_line' id='line_1_12' title="bbox 449 2014 1865 2087; baseline -0.003 -17"><span class='ocrx_word' id='word_1_58' title='bbox 449 2017 729 2070; x_wconf 82' lang='lat' dir='ltr'><strong>Interdum</strong></span> <span class='ocrx_word' id='word_1_59' title='bbox 755 2025 809 2070; x_wconf 92' lang='lat' dir='ltr'><strong>et</strong></span> <span class='ocrx_word' id='word_1_60' title='bbox 833 2017 1015 2087; x_wconf 88' lang='lat' dir='ltr'><strong>patulo</strong></span> <span class='ocrx_word' id='word_1_61' title='bbox 1040 2016 1341 2087; x_wconf 79' lang='lat' dir='ltr'><strong>praeoellens</strong></span> <span class='ocrx_word' id='word_1_62' title='bbox 1365 2014 1598 2086; x_wconf 85' lang='lat' dir='ltr'><strong>tegmine</strong></span> <span class='ocrx_word' id='word_1_63' title='bbox 1625 2033 1865 2083; x_wconf 67' lang='lat' dir='ltr'><strong>quemue,</strong></span> 
     </span>
     <span class='ocr_line' id='line_1_13' title="bbox 523 2125 1831 2197; baseline -0.003 -17"><span class='ocrx_word' id='word_1_64' title='bbox 523 2128 671 2180; x_wconf 90' lang='lat' dir='ltr'><strong>Dum</strong></span> <span class='ocrx_word' id='word_1_65' title='bbox 695 2127 927 2181; x_wconf 91' lang='lat' dir='ltr'><strong>medium</strong></span> <span class='ocrx_word' id='word_1_66' title='bbox 952 2127 1150 2197; x_wconf 86' lang='lat' dir='ltr'><strong>rumpit</strong></span> <span class='ocrx_word' id='word_1_67' title='bbox 1176 2126 1359 2180; x_wconf 84' lang='lat' dir='ltr'><strong>erebra</strong></span> <span class='ocrx_word' id='word_1_68' title='bbox 1382 2125 1611 2196; x_wconf 77' lang='lat' dir='ltr'><strong>procella</strong></span> <span class='ocrx_word' id='word_1_69' title='bbox 1634 2125 1831 2195; x_wconf 86' lang='lat' dir='ltr'><strong>polum,</strong></span> 
     </span>
     <span class='ocr_line' id='line_1_14' title="bbox 451 2237 1683 2310; baseline -0.004 -15"><span class='ocrx_word' id='word_1_70' title='bbox 451 2239 556 2295; x_wconf 88' lang='lat' dir='ltr'><strong>Cui</strong></span> <span class='ocrx_word' id='word_1_71' title='bbox 579 2248 724 2293; x_wconf 82' lang='lat' dir='ltr'><strong>tutas</strong></span> <span class='ocrx_word' id='word_1_72' title='bbox 748 2240 934 2310; x_wconf 82' lang='lat' dir='ltr'><strong>hospes</strong></span> <span class='ocrx_word' id='word_1_73' title='bbox 959 2239 1267 2310; x_wconf 81' lang='lat' dir='ltr'><strong>promiserat</strong></span> <span class='ocrx_word' id='word_1_74' title='bbox 1293 2246 1416 2291; x_wconf 91' lang='lat' dir='ltr'><strong>ante</strong></span> <span class='ocrx_word' id='word_1_75' title='bbox 1441 2237 1683 2301; x_wconf 71' lang='lat' dir='ltr'><strong>latebrae,</strong></span> 
     </span>
    </p>
   </div>
   <div class='ocr_carea' id='block_1_9' title="bbox 521 2348 1938 2492">
    <p class='ocr_par' dir='ltr' id='par_1_9' title="bbox 521 2348 1938 2492">
     <span class='ocr_line' id='line_1_15' title="bbox 521 2348 1624 2421; baseline -0.002 -17"><span class='ocrx_word' id='word_1_76' title='bbox 521 2349 591 2403; x_wconf 92' lang='lat' dir='ltr'><strong>In</strong></span> <span class='ocrx_word' id='word_1_77' title='bbox 615 2359 773 2421; x_wconf 87' lang='lat' dir='ltr'><strong>caput</strong></span> <span class='ocrx_word' id='word_1_78' title='bbox 799 2370 1039 2404; x_wconf 82' lang='lat' dir='ltr'><strong>arsurum</strong></span> <span class='ocrx_word' id='word_1_79' title='bbox 1063 2349 1286 2402; x_wconf 85' lang='lat' dir='ltr'><strong>fulmina</strong></span> <span class='ocrx_word' id='word_1_80' title='bbox 1310 2349 1423 2402; x_wconf 91' lang='lat' dir='ltr'><strong>dira</strong></span> <span class='ocrx_word' id='word_1_81' title='bbox 1446 2348 1624 2402; x_wconf 88' lang='lat' dir='ltr'><strong>trahit.</strong></span> 
     </span>
     <span class='ocr_line' id='line_1_16' title="bbox 1844 2458 1938 2492; baseline 0 -1"><span class='ocrx_word' id='word_1_82' title='bbox 1844 2458 1878 2492; x_wconf 84' lang='lat' dir='ltr'><strong>J.</strong></span> <span class='ocrx_word' id='word_1_83' title='bbox 1898 2458 1938 2491; x_wconf 82' lang='lat' dir='ltr'><strong>e.</strong></span> 
     </span>
    </p>
   </div>
   <div class='ocr_carea' id='block_1_10' title="bbox 1021 2709 1391 2874">
    <p class='ocr_par' dir='ltr' id='par_1_10' title="bbox 1021 2709 1391 2874">
     <span class='ocr_line' id='line_1_17' title="bbox 1082 2709 1315 2745; baseline 0.004 -1"><span class='ocrx_word' id='word_1_84' title='bbox 1082 2709 1315 2745; x_wconf 88' lang='lat' dir='ltr'>LXXXII.</span> 
     </span>
     <span class='ocr_line' id='line_1_18' title="bbox 1021 2801 1391 2874; baseline -0.008 -13"><span class='ocrx_word' id='word_1_85' title='bbox 1021 2801 1391 2874; x_wconf 58' lang='lat' dir='ltr'><strong>ffipigtamma.</strong></span> 
     </span>
    </p>
   </div>
   <div class='ocr_carea' id='block_1_11' title="bbox 519 2950 1812 3240">
    <p class='ocr_par' dir='ltr' id='par_1_11' title="bbox 519 2950 1812 3240">
     <span class='ocr_line' id='line_1_19' title="bbox 519 2950 1731 3022; baseline -0.002 -18"><span class='ocrx_word' id='word_1_86' title='bbox 519 2951 743 3005; x_wconf 80' lang='lat' dir='ltr'>INVIDA</span> <span class='ocrx_word' id='word_1_87' title='bbox 769 2971 889 3005; x_wconf 86' lang='lat' dir='ltr'><strong>eum</strong></span> <span class='ocrx_word' id='word_1_88' title='bbox 914 2961 1093 3005; x_wconf 83' lang='lat' dir='ltr'><strong>nostra</strong></span> <span class='ocrx_word' id='word_1_89' title='bbox 1118 2960 1323 3005; x_wconf 79' lang='lat' dir='ltr'><strong>certans</strong></span> <span class='ocrx_word' id='word_1_90' title='bbox 1348 2951 1531 3022; x_wconf 75' lang='lat' dir='ltr'><strong>illapsa</strong></span> <span class='ocrx_word' id='word_1_91' title='bbox 1555 2950 1731 3021; x_wconf 87' lang='lat' dir='ltr'><strong>puella</strong></span> 
     </span>
     <span class='ocr_line' id='line_1_20' title="bbox 593 3061 1620 3116; baseline -0.002 -1"><span class='ocrx_word' id='word_1_92' title='bbox 593 3062 787 3116; x_wconf 90' lang='lat' dir='ltr'><strong>Purior</strong></span> <span class='ocrx_word' id='word_1_93' title='bbox 812 3071 892 3115; x_wconf 83' lang='lat' dir='ltr'><strong>est</strong></span> <span class='ocrx_word' id='word_1_94' title='bbox 917 3062 1071 3116; x_wconf 89' lang='lat' dir='ltr'><strong>niveo</strong></span> <span class='ocrx_word' id='word_1_95' title='bbox 1096 3062 1188 3114; x_wconf 87' lang='lat' dir='ltr'><strong>nix</strong></span> <span class='ocrx_word' id='word_1_96' title='bbox 1215 3061 1313 3114; x_wconf 82' lang='lat' dir='ltr'><strong>sibi</strong></span> <span class='ocrx_word' id='word_1_97' title='bbox 1338 3061 1449 3114; x_wconf 82' lang='lat' dir='ltr'><strong>visa</strong></span> <span class='ocrx_word' id='word_1_98' title='bbox 1474 3061 1620 3114; x_wconf 81' lang='lat' dir='ltr'><strong>sinu:</strong></span> 
     </span>
     <span class='ocr_line' id='line_1_21' title="bbox 522 3171 1812 3240; baseline -0.004 -14"><span class='ocrx_word' id='word_1_99' title='bbox 522 3172 728 3240; x_wconf 82' lang='lat' dir='ltr'><strong>Questa</strong></span> <span class='ocrx_word' id='word_1_100' title='bbox 752 3173 843 3227; x_wconf 84' lang='lat' dir='ltr'><strong>sed</strong></span> <span class='ocrx_word' id='word_1_101' title='bbox 868 3193 899 3226; x_wconf 90' lang='lat' dir='ltr'><strong>a</strong></span> <span class='ocrx_word' id='word_1_102' title='bbox 922 3181 1072 3226; x_wconf 85' lang='lat' dir='ltr'><strong>tanto</strong></span> <span class='ocrx_word' id='word_1_103' title='bbox 1098 3172 1299 3226; x_wconf 82' lang='lat' dir='ltr'><strong>victum</strong></span> <span class='ocrx_word' id='word_1_104' title='bbox 1325 3171 1546 3225; x_wconf 83' lang='lat' dir='ltr'><strong>candore</strong></span> <span class='ocrx_word' id='word_1_105' title='bbox 1571 3171 1812 3233; x_wconf 87' lang='lat' dir='ltr'><strong>nitorem,</strong></span> 
     </span>
    </p>
   </div>
   <div class='ocr_carea' id='block_1_12' title="bbox 592 3282 1845 3428">
    <p class='ocr_par' dir='ltr' id='par_1_12' title="bbox 592 3282 1845 3428">
     <span class='ocr_line' id='line_1_22' title="bbox 592 3282 1732 3356; baseline -0.003 -20"><span class='ocrx_word' id='word_1_106' title='bbox 592 3283 661 3336; x_wconf 93' lang='lat' dir='ltr'><strong>In</strong></span> <span class='ocrx_word' id='word_1_107' title='bbox 686 3284 970 3356; x_wconf 83' lang='lat' dir='ltr'><strong>lacrymam</strong></span> <span class='ocrx_word' id='word_1_108' title='bbox 998 3283 1173 3337; x_wconf 81' lang='lat' dir='ltr'><strong>subito</strong></span> <span class='ocrx_word' id='word_1_109' title='bbox 1198 3303 1350 3337; x_wconf 84' lang='lat' dir='ltr'><strong>versa</strong></span> <span class='ocrx_word' id='word_1_110' title='bbox 1374 3283 1550 3336; x_wconf 90' lang='lat' dir='ltr'><strong>dolore</strong></span> <span class='ocrx_word' id='word_1_111' title='bbox 1578 3282 1732 3352; x_wconf 79' lang='lat' dir='ltr'><strong>fugit.</strong></span> 
     </span>
     <span class='ocr_line' id='line_1_23' title="bbox 1819 3397 1845 3428; baseline 0 0"><span class='ocrx_word' id='word_1_112' title='bbox 1819 3397 1845 3428; x_wconf 80' lang='lat' dir='ltr'>B</span> 
     </span>
    </p>
   </div>
   <div class='ocr_carea' id='block_1_13' title="bbox 2092 446 2099 1265">
    <p class='ocr_par' dir='ltr' id='par_1_13' title="bbox 2092 446 2099 1265">
     <span class='ocr_line' id='line_1_24' title="bbox 2092 446 2099 1265; baseline 0 0"><span class='ocrx_word' id='word_1_113' title='bbox 2092 446 2099 1265; x_wconf 95' lang='lat' dir='ltr'><strong> </strong></span> 
     </span>
    </p>
   </div>
  </div>
 </body>
</html>
