2418 3944
636 432 1035 474 ANTHOLOGIA
1078 430 1454 473 OXONIENSIS.

988 921 1168 959 LXXV.

441 1048 839 1123 ffiittnzolpmae
863 1047 1175 1121 uizjitientcae
1202 1046 1389 1119 §signa
1415 1055 1460 1104 tt
1486 1046 1704 1115 fflinae.

321 1221 491 1277 CARA
515 1222 635 1276 Deo
661 1222 939 1292 quondam,
966 1241 1108 1274 nunc
1133 1229 1316 1274 vatum
1340 1220 1544 1274 conscia
1568 1220 1734 1282 (andis,

392 1334 568 1398 Nunc,
595 1334 730 1388 heu!
768 1333 965 1388 coelesti
990 1352 1167 1404 sparsa
1192 1351 1375 1386 cruore
1407 1331 1612 1394 Salem3

318 1445 454 1499 Mox
478 1454 591 1500 erat
617 1454 671 1499 et
695 1464 871 1516 poenas
896 1444 1110 1507 luitura,
1139 1452 1192 1496 et
1217 1442 1440 1515 (grande
1465 1440 1658 1494 futuris

391 1554 739 1627 Exemplum)
765 1575 831 1609 ex
856 1555 962 1608 imo
987 1553 1291 1624 disjicienda
1316 1553 1454 1615 solo;

324 1663 634 1737 Sanguineae
658 1685 752 1736 per
777 1665 966 1717 coelum
991 1663 1144 1727 acieS‚
1170 1662 1550 1732 rutilantiaque
1576 1680 1734 1722 arma,

391 1775 692 1846 Proeliaque
719 1774 923 1854 ardenti
946 1774 1150 1828 fervere
1176 1774 1288 1828 visa
1311 1774 1445 1844 polo.

321 1887 494 1967 Nocte
520 1886 678 1940 etiam
703 1885 923 1939 insolitae
947 1884 1181 1946 flammae,
1208 1901 1506 1954 purumque
1532 1881 1636 1934 diei

394 1996 553 2050 Atria
575 2016 670 2068 per
697 1996 906 2067 Templi
931 2014 1041 2048 sese
1068 1994 1267 2065 aperire
1285 1994 1472 2064 jubar:

323 2107 522 2179 Sponte
547 2127 642 2161 sua
666 2107 830 2160 valvae
854 2114 1124 2177 portarum
1149 2114 1204 2159 et
1229 2105 1426 2158 ahenea
1450 2104 1678 2157 claustra

396 2217 654 2273 Stridenti
676 2216 870 2288 raptim
894 2215 1102 2269 cardine
1128 2235 1278 2269 versa
1301 2222 1500 2285 patent.

317 2330 447 2394 Jam
470 2350 575 2384 vox
601 2348 903 2383 concussam
927 2327 1102 2399 gravis
1129 2327 1400 2381 exululare
1426 2345 1520 2396 per
1545 2325 1707 2378 aedem

390 2442 610 2506 Audita,
639 2450 674 2474 ‘⁶
691 2461 933 2496 aversum
956 2441 1196 2510 linquere
1224 2439 1447 2510 Templa
1470 2439 1649 2493 Deum
1665 2458 1678 2500 3
1693 2438 1719 2460 ”

315 2551 676 2627 Ingentesque
700 2554 870 2629 minae,
900 2561 935 2585 ‘⁶
953 2553 1260 2607 vertendam
1286 2573 1314 2606 e
1341 2552 1550 2606 sedibus
1575 2551 1808 2614 urbem,’'

392 2667 516 2736 Quo
541 2668 712 2722 media
736 2666 1224 2738 abrumpifmystica
1249 2685 1393 2719 sacra
1416 2674 1592 2718 metu:

318 2777 399 2831 At
425 2797 573 2840 caeca,
601 2786 655 2831 et
679 2777 843 2830 tantis
866 2795 996 2848 gens
1021 2776 1256 2830 nondum
1280 2776 1534 2830 exterrita
1556 2774 1800 2828 monstris

390 2889 614 2969 Instare,
642 2897 697 2942 et
722 2887 901 2959 culpas
925 2907 1094 2958 usque
1118 2887 1297 2941 fovere
1323 2905 1456 2939 suas».

318 3001 468 3054 Dum
491 3000 704 3054 tandem
729 2999 921 3054 eversis
946 2999 1167 3053 insultet
1191 2997 1447 3051 moenibus
1472 2996 1649 3059 hostiS,

390 3112 538 3165 Dum
564 3120 728 3165 strata
753 3111 949 3165 effraeni
973 3111 1139 3164 milite
1167 3109 1389 3179 Templa
1413 3116 1585 3160 ruant.

1833 431 1918 475 277
