2418 3944
706 432 1101 474 ANTHOLOGIA
1146 431 1526 472 OXONIENSIS.
1903 433 1987 474 237

1040 861 1250 898 XXXVI.

1026 988 1256 1047 Fatum.

386 1155 573 1223 QUUM
599 1174 796 1209 vacuus
821 1154 970 1208 fictos
996 1174 1165 1225 nuper
1191 1154 1480 1207 meditabar
1505 1174 1720 1216 amores.

454 1261 530 1314 Et
555 1281 692 1314 nova
715 1263 961 1314 nectebat
986 1261 1196 1314 vincula
1221 1279 1444 1330 quaeque
1470 1260 1595 1324 dies,

387 1371 585 1443 Sponte
612 1392 706 1425 sua
731 1391 883 1426 voces
910 1380 962 1425 et
989 1372 1165 1424 mollia
1190 1372 1351 1425 verba
1374 1371 1625 1434 fluebant,

456 1482 811 1553 Carminaque
838 1484 904 1536 ad
929 1503 1173 1537 numeros
1199 1484 1289 1537 vix
1315 1483 1606 1536 revocanda
1631 1502 1763 1536 suos,

383 1596 543 1649 Nunc
568 1596 712 1659 mihi,
742 1616 907 1666 quum
934 1616 1058 1650 vero
1083 1597 1395 1649 transfixum
1420 1596 1637 1649 vulnere
1664 1604 1848 1666 pectus

456 1706 696 1770 AEstuat,
725 1715 779 1759 et
805 1716 1014 1760 tantum
1039 1706 1176 1760 ferre
1201 1707 1404 1760 laborat
1431 1727 1579 1770 onus,

382 1816 582 1870 Deficit
607 1816 702 1870 ah!
742 1816 983 1887 cupidam
1011 1818 1290 1871 verborum
1317 1817 1465 1888 copia
1489 1818 1741 1888 linguam,

456 1927 532 1980 Et
557 1927 714 1979 surda
738 1936 972 1998 optatam
1001 1928 1161 1980 Musa
1184 1936 1391 1980 recusat
1417 1946 1583 1998 opem.

383 2039 508 2092 Non
534 2058 617 2091 me
644 2058 792 2109 posse
819 2039 983 2108 loqui,
1011 2039 1181 2109 qualis
1207 2039 1335 2091 mihi
1361 2058 1495 2109 saepe
1522 2039 1739 2103 videnti,

457 2151 707 2224 Cynthia,
737 2152 972 2223 virgineo
999 2152 1206 2204 fulserit
1232 2170 1321 2204 ore
1347 2151 1508 2204 rubor
1529 2151 1540 2204 l

363 2239 645 2329 ‘Quaesitas
671 2269 879 2332 torpere
905 2262 1052 2332 piget
1079 2261 1189 2314 sine
1215 2262 1445 2332 pondere
1471 2281 1641 2325 voceS,

456 2373 590 2441 Quae
616 2373 831 2444 cupiant
857 2374 1050 2437 ocUIOS,
1077 2374 1274 2444 pulcra,
1305 2374 1498 2427 referre
1524 2382 1657 2428 tuos·

382 2482 502 2536 Ah!
542 2483 749 2553 quoties
774 2484 929 2536 missa
955 2504 1020 2537 ex
1047 2484 1148 2536 illis
1175 2484 1346 2537 letalis
1372 2484 1548 2538 ocellis

456 2593 725 2669 Percussit
752 2594 939 2647 misero
964 2594 1119 2648 corda
1144 2595 1336 2665 sagitta
1361 2594 1517 2647 mihil

382 2705 528 2773 Quid
552 2705 738 2759 faciam
758 2707 781 2758 P
859 2706 1124 2774 Quoniam
1151 2706 1430 2760 verborum
1455 2707 1624 2778 gratia
1650 2707 1820 2768 cessit,

455 2814 718 2870 Curarum
743 2815 1001 2887 interpres
1027 2817 1101 2869 nil
1127 2817 1255 2869 mihi
1279 2818 1461 2888 lingua
1486 2817 1644 2880 valet,

382 2926 470 2980 Da
494 2927 718 2990 veniam,
748 2937 802 2981 et
829 2928 950 2982 vitae
976 2929 1130 2982 liceat
1157 2929 1360 2982 vovisse
1387 2929 1582 2981 relictae

458 3039 718 3110 Tempora
744 3059 836 3110 pro
863 3041 1126 3103 brevibUS,
1155 3060 1286 3110 quos
1311 3040 1448 3111 parit
1475 3040 1615 3101 hora,
1644 3038 1808 3092 modis
1830 3038 1841 3090 ἔ

1734 3149 1768 3180 J.
1788 3148 1825 3181 E.
1846 3149 1886 3181 s.
