2418 3944
718 430 1116 472 ANTHOLOGIA
1160 430 1534 471 OXONIENSIS.

1074 822 1209 859 LXX.

603 1124 652 1174 H
686 1139 797 1172 MHN
822 1122 974 1190 μείζω
1000 1121 1184 1194 χρόνος
1208 1122 1426 1194 ἁρπάζει

597 1215 766 1285 βιότῳ
796 1213 993 1281 θνητῶν
1017 1214 1187 1283 ἀνγάθζ
1215 1214 1248 1282 ἢ
1273 1214 1459 1283 μέλλει

600 1307 821 1361 διδόναι·
861 1311 974 1379 φεῦ,
1004 1312 1102 1379 φεῦ
1127 1313 1219 1376 τῆς
1243 1307 1470 1362 διανοίας

600 1400 833 1469 ἀδμήτου
859 1402 967 1469 μέν,
995 1401 1130 1470 μέγα
1155 1403 1199 1454 τ’
1226 1401 1489 1467 αἰθούσης,

600 1498 664 1564 τῇ
690 1493 731 1547 δ’
761 1494 1006 1561 αἰσθήσει
1032 1499 1252 1567 κρυερῶς
1276 1496 1480 1567 βαρέως

892 1587 1318 1654 συνθνησκούσης
1333 1607 1345 1620 ·

600 1680 659 1733 οὐ
683 1680 784 1751 *γὰρ
809 1680 1017 1748 «γένυσιν
1040 1680 1240 1734 παίδων
1265 1682 1500 1735 ἁπαλαῖς·

599 1773 756 1839 ἐτάκη
784 1774 986 1826 θᾶσσον
1009 1774 1156 1845 ῥέθος
1182 1774 1397 1845 ὡραίων,

598 1866 632 1934 ἢ
659 1867 858 1939 φρεσίν,
888 1867 1031 1920 οὔπω
1057 1868 1519 1940 κατακαρφομένης

599 1959 750 2032 ὥρας,
779 1961 810 2026 ἡ
830 1960 1083 2032 παρθένος
1107 1961 1260 2029 ἀκμή.

603 2052 862 2116 κάνταῦθ’,
893 2053 1035 2125 ᾧτινι
1061 2059 1153 2122 τῆς
1180 2054 1528 2126 θραυσθείσης

600 2144 920 2215 εὐδαιμονίας
943 2153 1090 2215 λῆμα
1114 2149 1343 2219 πέφυκεν

598 2243 856 2313 κρεῖσσον,
885 2241 1015 2313 πρὸς
1041 2241 1203 2312 ἄκρας
1229 2241 1424 2313 σύρδην
1449 2241 1662 2313 φέρεται

599 2334 780 2398 δεινάς,
809 2333 1017 2402 ἀνόμοις
1042 2334 1240 2403 κύμασι
1265 2335 1587 2408 πλαῖγχθείς·

600 2427 820 2500 φροῦδος
847 2427 888 2480 δ’
917 2428 1046 2496 οἴαξ,
1074 2428 1108 2496 ἢ
1134 2428 1341 2501 σκάφος
1366 2429 1535 2483 αὕτως

604 2520 736 2593 πρὸς
761 2520 1057 2592 ἀπόρρητον
1082 2521 1246 2590 λιμέν’
1275 2521 1484 2586 εὐθύνει,

749 2614 1060 2687 σχισθέντος
1086 2614 1220 2683 ἄὙαιν
1244 2616 1469 2687 λαίφους
1494 2616 1678 2687 ἀνέμῳ.

599 2707 737 2779 ῥιΎεῖ
759 2706 801 2760 δ’
829 2709 947 2775 ἑξῆς
972 2709 1040 2761 ὡς
1063 2711 1116 2762 ἐν
1137 2709 1343 2779 θανάτῳ

598 2795 771 2874 ψυχή,
799 2801 995 2855 λύπαις
1020 2801 1391 2873 ἀλλοτρίαισιν

601 2893 915 2960 δυσκίνητος,
944 2898 1046 2948 τῶν
1072 2893 1113 2947 δ’
1141 2895 1339 2948 οἰκείων

602 2987 810 3055 ἀλέγειν
835 2986 1035 3041 ὀκνοῦσ’
1065 2987 1117 3040 ἕν
1141 3009 1239 3060 περ
1267 2988 1459 3060 ὀνείρῳ·

602 3080 795 3134 τοιόνδε
821 3079 971 3152 κρύος
997 3081 1197 3149 νασμὸν
1222 3081 1408 3150 ἔπηξεν

603 3171 852 3246 δακρύων,
881 3172 1022 3237 ὥστ’,
1053 3174 1098 3227 εἰ
1123 3171 1339 3239 στίλβει
1362 3176 1652 3247 βλέφαρον,

750 3266 881 3338 ξηρὰ
907 3266 950 3318 δ’
976 3265 1108 3334 αὐγὴ
1159 3267 1438 3335 κᾶτεὙκτος
1464 3268 1613 3335 ὅμως.

1902 433 1979 472 121
