2418 3944
709 423 1105 467 ANTHOLOGIA
1149 424 1523 466 OXONIENSIS.
1883 427 1967 467 255

1062 878 1195 914 LIII.

943 989 1290 1056 Zssihlintbtta.

651 1160 786 1203 Nunc
807 1166 1011 1203 veterum
1031 1159 1154 1203 libris
1197 1192 1207 1202 .
1252 1193 1262 1202 .
1307 1193 1316 1202 .

653 1232 833 1276 Ducere
854 1231 1050 1275 sollicitae
1065 1231 1269 1290 jucunda
1289 1230 1452 1274 oblivia
1472 1231 1588 1274 vitae.

449 1365 681 1433 QUALIS
706 1364 991 1426 odoratam,
1018 1372 1254 1416 venturae
1279 1363 1492 1434 praescia
1520 1363 1734 1426 brumae,

521 1477 606 1530 De
631 1476 776 1530 vario
801 1475 1026 1546 praedam
1051 1475 1177 1528 flore
1203 1475 1440 1528 recondit
1466 1475 1576 1546 apis
1596 1495 1610 1538 3

449 1587 723 1642 Pieridum
748 1586 882 1640 laetis
908 1585 1100 1656 passim
1125 1585 1382 1656 spatiatus
1407 1585 1463 1637 in
1488 1585 1670 1648 hortis,

522 1699 693 1770 Carpe
718 1699 877 1753 decus
901 1717 1080 1770 puerO,
1108 1697 1515 1769 perfugiumque
1542 1697 1668 1751 seni.

445 1812 688 1866 Praebeat
713 1811 920 1882 apricas·
936 1811 1118 1864 domus
1143 1810 1283 1863 haud
1307 1810 1508 1863 inculta
1532 1810 1777 1872 latebraS‚

521 1923 644 1991 Qua
668 1923 768 1977 tibi
793 1923 861 1976 sit
886 1942 1009 1976 vere
1037 1922 1227 1985 vivere,
1255 1929 1418 1991 teque
1444 1921 1552 1974 frui
1573 1941 1586 1984 ;

449 2028 688 2081 Plurima
713 2047 871 2097 quem
895 2036 1047 2099 grata
1071 2035 1271 2080 recreet
1297 2026 1409 2080 vice
1436 2045 1590 2096 capsa
1613 2026 1881 2096 legentem

527 2137 763 2191 Turbida
788 2137 930 2208 quod
954 2136 1158 2207 placida
1182 2136 1338 2190 corda
1363 2136 1542 2205 quiete
1568 2135 1730 2189 fovet.

453 2250 614 2303 Nunc
638 2269 751 2321 age,
780 2269 875 2303 ceu
903 2249 1092 2301 Manes
1121 2247 1366 2319 Cyllenia
1390 2248 1539 2320 virga
1563 2247 1785 2311 reducit,

523 2360 742 2414 Excitet
768 2359 980 2430 Elysios
1004 2349 1197 2430 pagina
1218 2360 1357 2413 lecta
1382 2359 1579 2413 choros,

451 2472 560 2536 Hic
582 2472 716 2526 liber
739 2473 1006 2525 absentem
1034 2479 1262 2534 revocat,
1291 2471 1394 2524 ciet
1418 2471 1508 2524 ille
1535 2470 1819 2541 sepultum,

523 2583 776 2636 Protinus
802 2591 856 2636 et
880 2591 1058 2636 tecum
1084 2582 1224 2654 cogit
1251 2582 1447 2646 adesse,
1476 2582 1637 2652 loqui.

454 2694 593 2748 Nam
617 2683 771 2748 modo
796 2694 1081 2747 facundum
1100 2694 1367 2764 jaculatur
1391 2693 1615 2747 fulmina
1639 2702 1866 2747 rostrum
1887 2712 1900 2756 3

526 2805 834 2859 AEtherium
860 2805 993 2858 vatis
1018 2824 1142 2858 mox
1166 2800 1302 2858 bibis
1328 2824 1453 2858 aure
1472 2805 1665 2858 melos:

456 2917 534 2971 Te
560 2917 714 2970 modo
738 2936 1035 2988 purpureus
1060 2916 1187 2970 belli
1211 2917 1349 2987 rapit
1375 2925 1531 2970 aestus
1558 2916 1624 2968 ad
1650 2935 1820 2978 arma3

528 3029 711 3094 Irruis,
740 3039 793 3083 et
819 3030 1025 3094 clamaS,
1055 3039 1109 3084 et
1134 3031 1293 3083 micat
1318 3050 1442 3084 ense
1467 3049 1682 3083 manus:

457 3142 621 3196 Nunc
646 3143 837 3196 rabidis
862 3143 999 3197 idem
1018 3143 1233 3214 jactaris
1266 3143 1514 3196 fluctibus
1541 3160 1741 3212 exspeS,

531 3254 738 3325 Aspera
762 3255 847 3308 vel
872 3255 1074 3308 nudum
1100 3255 1300 3308 sauciat
1325 3274 1415 3308 ora
1439 3254 1592 3306 latus.
