2418 3944
658 459 660 461 .
682 424 767 466 AN
769 424 1077 466 THOLOGIA
1120 424 1490 466 OXONIENSIS.
1899 424 1954 469 37

1046 1032 1143 1069 XX.

467 1162 637 1222 ffelia
664 1163 894 1224 Qunam
922 1176 1079 1234 agens
1106 1162 1462 1222 OEtitzzimum
1488 1161 1734 1229 aeextnm.

343 1331 534 1395 VIVIS‚
564 1341 617 1384 et
643 1331 802 1383 illaesa
825 1351 918 1401 per
943 1331 1084 1383 mifle
1109 1330 1304 1401 pericla
1329 1331 1515 1394 salute,

341 1441 605 1496 Octavum
630 1442 751 1494 vitae
776 1442 1076 1512 ingrederis,
1103 1461 1220 1494 mea
1247 1442 1417 1505 Delia,
1444 1442 1686 1495 lustrum.

341 1553 417 1605 Et
443 1553 604 1616 vivaS,
632 1572 831 1623 precor,
862 1562 916 1605 et
940 1553 1110 1605 multa
1135 1561 1189 1605 et
1215 1553 1386 1605 felicia
1411 1572 1614 1623 semper

342 1664 546 1719 Octavo
571 1665 737 1717 lustra
761 1684 1070 1717 annumeres
1097 1665 1429 1734 superaddita
1452 1665 1634 1718 lustro.

341 1776 421 1829 At
446 1776 545 1829 tibi
570 1785 802 1829 venturae
828 1775 1059 1828 labentia
1084 1784 1319 1845 tempora
1343 1775 1465 1828 vitae

340 1888 549 1943 Vellem
574 1895 636 1939 ut
661 1887 716 1938 in
742 1896 926 1940 octavo
952 1888 1150 1958 possint
1177 1907 1230 1940 se
1258 1887 1438 1940 sistere
1463 1888 1645 1940 lustro,

340 2111 536 2167 Sedula
558 2110 623 2163 ad
649 2119 892 2163 octavum
918 2111 1080 2164 coluit
1107 2131 1265 2181 quam
1292 2112 1449 2164 Delia
1472 2112 1714 2165 lustrum.

336 2223 482 2294 Ergo
508 2222 633 2294 age!
672 2222 835 2278 conde
861 2223 1034 2275 favos!
1073 2223 1176 2275 huc
1202 2223 1287 2275 cui
1312 2232 1560 2294 provecta
1585 2223 1652 2276 sit
1675 2232 1816 2287 aetaS,

339 2334 550 2389 Condel
589 2342 642 2391 et
668 2334 723 2386 in
750 2342 933 2386 octavo
954 2335 1140 2406 nugari
1165 2334 1342 2386 desine
1368 2335 1566 2387 lustro:

340 2001 444 2054 His
470 1999 664 2054 etenim
689 1999 961 2070 ingenium
986 1999 1146 2070 viget,
1176 2008 1229 2052 et
1254 2019 1401 2051 mens
1426 1999 1622 2052 firmior
1647 1999 1810 2063 anniS,

339 2441 479 2494 Nam
504 2440 625 2493 vitae
650 2441 808 2493 decus
834 2442 1073 2494 humanae
1098 2442 1383 2510 lumenque
1411 2442 1648 2494 videmus

342 2552 558 2623 Semper
583 2552 648 2606 ab
675 2562 860 2606 octavo
884 2553 939 2605 in
965 2554 1113 2624 pejus
1140 2573 1194 2606 se
1219 2540 1423 2606 veriere
1449 2554 1643 2606 lustro:

336 2665 412 2717 Et
438 2655 559 2735 spes
579 2684 692 2717 sera
715 2664 817 2717 illis
842 2665 995 2717 nimis
1023 2674 1118 2728 est,
1148 2674 1201 2717 et
1227 2665 1422 2717 tardior
1447 2665 1588 2728 hora,

337 2773 447 2841 Qui
472 2792 646 2843 neque
667 2773 727 2825 in
752 2782 936 2826 octavo
962 2782 1157 2826 norunt
1183 2774 1316 2827 bene
1343 2773 1520 2827 vivere
1546 2774 1727 2827 lustro.

335 2888 422 2940 Tu
447 2907 571 2941 vero
595 2887 794 2940 faustos
821 2888 1125 2958 quicunque
1151 2890 1293 2942 voles
1319 2890 1630 2960 hymenaeos,

335 2998 531 3069 Aspice
555 2998 611 3051 in
637 3007 821 3052 octavo
849 2999 1018 3068 qualis
1045 2999 1112 3052 sit.
1141 2999 1299 3053 Delia
1323 3001 1504 3053 lustro,
