2418 3944
451 434 535 476 298
889 436 1286 478 ANTHOLOGIA
1329 437 1650 478 OXONIENSI
1656 437 1703 478 S.

1241 719 1338 756 XV.

540 833 638 893 Qu
684 835 859 891 omnia
905 833 1130 899 babeant
1166 833 1555 892 &terminatam
1599 835 1902 896 fittibitatiz
1947 849 2061 895 5511ae

1152 927 1462 1000 &phaetant

1235 1051 1358 1090 Ana.

542 1163 723 1215 DURA
753 1161 1026 1215 Caledonii
1050 1170 1266 1231 propter
1291 1162 1516 1215 confinia
1541 1163 1691 1233 regni

617 1272 740 1340 Qua
757 1273 900 1342 jacet
929 1271 1131 1324 Aretoo
1158 1271 1367 1325 subdita
1392 1281 1531 1326 terra
1557 1273 1694 1343 polo,

542 1383 689 1438 Gens
715 1382 902 1446 valida,
930 1382 1128 1435 invicta
1152 1391 1409 1454 prognata
1434 1383 1499 1436 ab
1526 1384 1687 1454 stirpe
1713 1393 2009 1455 parentum,

617 1495 862 1563 Antiqua
891 1495 1051 1547 vitam
1077 1494 1409 1565 simplicitate
1435 1495 1630 1548 colunt.

540 1605 655 1658 Illis
680 1626 787 1659 non
812 1606 1016 1676 hyemis
1041 1625 1187 1659 mora
1211 1606 1384 1678 longa,
1414 1614 1700 1675 coactaque
1725 1626 1888 1677 parvo

614 1715 812 1769 Vivere
838 1715 1112 1786 pauperies
1139 1716 1293 1768 eorda
1318 1716 1548 1768 animosa
1573 1716 1763 1769 domat.

543 1829 846 1882 Demissum
872 1831 936 1881 ab
963 1829 1093 1881 laeva
1118 1828 1447 1899 chlamydem
1473 1828 1537 1882 de
1562 1848 1705 1882 more
1730 1837 2056 1898 retorquent,

615 1938 872 1991 Aeeineta
898 1948 951 1991 et
976 1938 1129 1991 lateri
1154 1938 1375 2009 parvula
1399 1958 1537 2009 gaesa
1560 1923 1770 2009 gerunt.

537 2050 771 2119 Jamque
798 2058 890 2102 aut
916 2058 1113 2102 venatu
1138 2049 1435 2120 invigilant,
1463 2049 1694 2119 eaedique
1721 2048 1900 2102 ferinae

611 2160 870 2214 Assuetos
897 2160 1100 2232 agitant
1125 2180 1220 2230 per
1236 2161 1369 2232 juga
1396 2180 1597 2213 summa
1622 2180 1776 2214 canes
1795 2181 1810 2225 3

538 2271 656 2324 Aut.
681 2280 893 2325 tentant
919 2272 1162 2325 malefida
1191 2272 1513 2324 minantibus
1540 2291 1751 2341 aequora
1776 2271 1965 2334 ventis,

608 2383 684 2435 Et
708 2383 867 2454 longa
892 2402 922 2435 a
947 2382 1098 2436 tenui
1123 2383 1257 2436 retia
1281 2383 1438 2436 lintre
1465 2383 1700 2435 trahunt.

538 2493 686 2563 Saepe
714 2501 768 2546 et
793 2493 920 2544 dum
946 2492 1061 2544 ooeli
1087 2492 1245 2545 facies
1273 2501 1326 2545 et
1353 2493 1534 2545 nubila
1560 2501 1791 2554 servant,

607 2603 839 2674 Praesagi
863 2602 1102 2672 pandunt
1129 2622 1259 2671 quas
1284 2602 1417 2656 ferat
1444 2603 1572 2655 hora
1596 2603 1752 2656 vices·

539 2715 650 2770 Sub
676 2724 886 2768 noctem
911 2715 1114 2768 interea
1139 2715 1242 2767 ciet
1269 2713 1564 2767 exultantia
1590 2713 1747 2766 eorda

611 2828 854 2880 Ineomto
881 2836 1121 2880 veterum
1146 2825 1375 2879 carmine
1403 2825 1543 2877 fama
1568 2824 1743 2878 virfim
1763 2844 1776 2887 3

535 2938 651 2992 Aut
676 2939 898 3009 pedibus
922 2939 1181 3009 plaudunt
1209 2937 1452 2999 choreas;
1494 2955 1592 2989 nee
1618 2935 1750 2988 tibia
1774 2943 1941 2988 cessat

607 3048 714 3101 Per
739 3049 945 3102 deserta
969 3048 1125 3101 rudes
1150 3046 1471 3118 ingeminare
1498 3044 1690 3098 modOS.

538 3159 620 3213 Sit
647 3159 821 3213 tenuis
846 3159 1060 3212 fortuna
1084 3158 1224 3220 lieet,
1253 3175 1350 3209 nee
1376 3155 1645 3226 splendida
1668 3155 1818 3218 luxu,

607 3271 781 3324 Parvo
808 3280 984 3342 empta
1007 3271 1116 3323 haee
1141 3269 1242 3321 illis
1267 3267 1458 3339 gaudia
1483 3286 1607 3320 vera
1632 3267 1783 3336 parit.

2407 247 2418 319 ἒ

2410 325 2418 400 ἢ
