2418 3944
276 1274 427 1326 AIN.

276 1386 432 1438 ΑΓΓ.

275 1497 425 1550 ΑΙΝ.

275 2496 432 2548 ΑΓΓ.

274 2608 424 2661 ΑΙΝ.

276 2831 431 2884 ΑΓΓ.

694 443 1086 486 ANTHOLOGIA
1131 443 1505 486 OXONIENSIS.

1031 857 1172 893 XXX.

610 972 796 1040 muts
834 971 1021 1030 ῑθΐσιιε
1055 972 1251 1032 &2112ae
1288 972 1580 1031 nuntiatur,

821 1146 1059 1199 ΑῙΝΕῙΑΣ.
1139 1148 1390 1197 ΑΓΙῈΛΟΣ.

500 1275 619 1327 O'rK
644 1272 754 1327 ἔσθ’
780 1273 921 1328 ὅπως
945 1274 1004 1327 οὐ
1029 1273 1196 1327 ταῦτά
1219 1295 1310 1341 μοι
1334 1272 1506 1344 ψευδῆ
1533 1273 1715 1345 φέρεις.

498 1390 648 1458 σαφῆ
672 1387 766 1454 μὲν
791 1385 881 1439 οὖν
905 1386 972 1439 τὰ
996 1386 1188 1449 πάντα,
1217 1386 1345 1439 κούκ
1369 1385 1548 1439 ἄλλως
1573 1388 1686 1456 ε’ρῶ.

495 1497 552 1551 τί
573 1497 679 1565 δῆτ’
704 1497 890 1561 ἀκούω,
919 1498 997 1551 τίς
1022 1496 1138 1551 ποτ’
1165 1496 1407 1566 ἀλγηδὼν
1433 1497 1623 1569 φρένας

495 1612 634 1668 κινεῖ,
665 1609 954 1680 ταράσσει;
995 1610 1162 1662 ταῦτά
1187 1631 1268 1662 τοι
1301 1609 1617 1678 πεπυσμένῳ

496 1719 717 1793 φροῦδος
740 1721 943 1786 βέβηκε
966 1721 1123 1773 πᾶσά
1146 1742 1235 1788 μοι
1260 1720 1416 1793 χάρις
1439 1719 1577 1785 βίου.

495 1833 606 1901 φεῦ.
910 1830 912 1832 ’

515 1938 537 1959 Ἰ
651 1938 664 1955 Ί
701 1943 714 1960 9
764 1939 777 1959 N
817 1939 845 1993 δ
861 1939 876 1957 Ι
1154 1940 1216 1993 ἱδκ
1303 1941 1324 1961 ,Ι
1360 1939 1372 1956 9
1405 1940 1426 1961 ,Ι

495 1962 652 2012 ῳχωκ
691 1962 792 2008 εγω
848 1962 1080 2006 υστηνος,
1110 1963 1168 1993 ου
1199 1963 1251 1994 εν
1277 1962 1360 2009 ειμ
1400 1963 1489 1994 ετι.

494 2053 619 2106 ἀλλ’
644 2053 704 2106 οὐ
726 2051 829 2125 *γὰρ
855 2052 1036 2107 ἄλλως
1059 2053 1218 2120 τῆσδε
1236 2058 1328 2121 τῆς
1352 2053 1526 2120 λύπης
1549 2074 1615 2121 με
1640 2052 1746 2126 χρὴ

494 2166 647 2233 ἥσσω
672 2165 951 2233 καθῆσθαι,
980 2165 1140 2238 φράζε
1165 2165 1405 2237 συντόμῳ
1429 2165 1573 2237 λό’γῳ

493 2279 607 2329 πῶς
632 2275 720 2329 καὶ
745 2275 970 2342 τέθνηκε,
999 2276 1086 2330 καὶ
1112 2276 1248 2331 τίνος
1272 2277 1430 2350 χάριν
1456 2277 1590 2348 φάος

494 2385 620 2453 ἔτλη
644 2389 761 2440 ποτ’
786 2387 1075 2455 ἀλλάξασα
1101 2387 1359 2460 νερτέρους
1381 2393 1574 2456 μολεῖν.

495 2495 697 2550 ὄλωλεν
721 2497 789 2551 ὡς
813 2497 1013 2551 ὄλωλεν
1036 2517 1048 2529 ·
1075 2498 1293 2571 ἀρκείτω
1320 2499 1455 2553 τάδε.

494 2605 667 2687 λέγειν
691 2610 742 2661 σ’
782 2606 959 2678 ἄνωγα
982 2629 994 2641 ·
1021 2614 1187 2664 ταῦτα
1211 2612 1313 2683 «γὰρ
1341 2612 1514 2666 κλύων
1539 2611 1659 2686 τάχ’
1686 2612 1750 2666 ἂν

493 2722 707 2773 παῦλαν
730 2718 951 2788 λάβοιμ’
978 2720 1043 2774 ἂν
1066 2721 1443 2794 κάνακούφισίν
1467 2746 1597 2777 τινα.

494 2829 607 2884 ἐπεὶ
632 2830 869 2894 κελεύεις,
898 2830 1051 2885 πάντ’
1078 2836 1176 2904 ἐρῶ
1202 2833 1434 2906 κυροῦνθ’
1462 2834 1616 2887 ὅπως.

492 2941 633 2996 ὅπως
656 2942 758 3015 γὰρ
784 2943 1090 3015 ἐξώρμησας
1116 2944 1370 3014 εὕσελμον
1395 2946 1600 3018 σκάφος

492 3053 590 3122 ἤδη
617 3053 661 3107 τ’
689 3053 897 3126 ἔφευγες
921 3056 1147 3110 ποντίων
1173 3057 1302 3130 ὑπὲρ
1327 3061 1565 3121 πλακῶν,

495 3158 592 3227 ἔξω
616 3161 893 3233 μελάθρων
918 3166 1098 3215 στᾶσα
1123 3162 1373 3229 δύστηνος
1396 3164 1524 3232 «γύνη

495 3269 704 3341 ᾤμωξεν
732 3271 878 3326 εὐθὺς
903 3274 1220 3328 κάνακωκύει
1245 3275 1368 3329 τάδε
1388 3294 1400 3306 ·

1729 3562 1785 3591 QQ

1861 448 1947 491 227
