2418 3944
679 421 763 466 AN
765 420 1076 462 THOLOGIA
1120 419 1495 462 OXONIENSIS.

1073 798 1154 833 XI.

872 929 964 990 sstn
996 926 1314 1003 flurellam.

342 1135 506 1202 QUID
531 1154 649 1188 mea
671 1143 822 1205 rapta
846 1143 949 1186 tuae
975 1132 1263 1195 dulcedine,
1293 1131 1482 1202 Lydia,
1511 1131 1688 1183 formae

416 1247 648 1318 Corripis
674 1247 729 1299 in
754 1255 962 1300 tantum
987 1246 1188 1298 lumina
1213 1245 1319 1297 fixa
1343 1244 1530 1307 decus3

341 1361 416 1413 Et
441 1361 585 1424 mihi,
615 1381 744 1430 quas
770 1368 958 1431 praeter
983 1359 1138 1412 nullae
1164 1358 1410 1429 pepulere
1436 1366 1692 1421 tuentem,

416 1471 690 1526 Subtrahis
715 1491 894 1524 aversa
920 1471 1090 1523 fronte
1117 1490 1296 1523 severa
1319 1471 1519 1540 genas?

339 1695 421 1749 Ut
447 1704 542 1748 tua
565 1695 795 1749 devitem
820 1695 1043 1758 fastidia,
1072 1703 1287 1746 mutuus
1313 1694 1445 1746 alter

411 1806 619 1859 Afferat
644 1815 705 1858 ut
730 1806 999 1870 medicam,
1030 1826 1135 1875 qua
1158 1805 1297 1868 licet,
1327 1805 1462 1876 ignis
1488 1824 1656 1875 opem,

242 1978 244 1981 v
335 1918 483 1971 Dum
507 1919 637 1972 levis
662 1919 811 1982 hanc,
841 1919 983 1971 illam
1007 1918 1199 1972 blanda
1223 1937 1375 1988 prece
1400 1918 1610 1970 flectere
1636 1926 1801 1981 tent0‚

408 2029 606 2082 Lenior
630 2029 808 2082 audita
832 2030 894 2082 fit
920 2049 1057 2082 nova
1083 2048 1304 2098 quaeque
1331 2048 1498 2098 prece.

335 2251 445 2305 Hei
469 2251 629 2305 mihi!
669 2272 828 2322 quam
853 2252 1123 2323 languent,
1152 2251 1348 2304 frustra
1377 2251 1620 2304 simulata
1644 2252 1841 2322 potitis,

408 2363 617 2419 Gaudia
640 2384 746 2417 non
771 2385 925 2417 verus
953 2385 1067 2434 quae
1095 2365 1193 2417 sibi
1218 2365 1373 2417 finxit
1400 2365 1566 2418 amor!

334 2475 579 2546 Namque
605 2475 717 2528 aliae
743 2477 981 2546 quamvis
1008 2477 1182 2529 oculos
1208 2485 1426 2529 tenuere
1453 2477 1655 2547 puellae,

406 2587 491 2640 Tu
517 2596 695 2651 tamen
720 2608 936 2641 arcanus
963 2589 1186 2660 pectoris
1212 2589 1363 2641 ardor
1389 2609 1514 2641 eras.

332 2811 456 2864 Non
481 2831 644 2876 secus,
674 2820 892 2866 externa
916 2832 1137 2866 moerens
1164 2833 1326 2884 vagus
1354 2813 1477 2866 exul
1503 2812 1558 2864 in
1584 2832 1688 2875 ora,
1777 2842 1781 2845 -

405 2923 634 2995 Hospita
659 2944 816 2994 quem
840 2924 984 2995 regio
1012 2944 1232 2994 quaeque
1258 2924 1470 2977 miserta
1494 2924 1654 2987 fovet,

332 3035 460 3088 Heu
481 3035 493 3088 1
530 3036 767 3106 patriam,
795 3037 1018 3107 patriam
1043 3035 1301 3089 desiderat
1322 3036 1518 3089 1—-illa
1541 3034 1736 3089 carenti

407 3146 543 3211 Sola,
569 3147 693 3200 licet
718 3148 829 3200 vita
853 3148 920 3201 sit
945 3148 1259 3211 redimenda,
1287 3148 1497 3200 domus!

1902 424 1958 464 23
