2418 3944
397 439 485 480 204
836 440 1234 483 ANTHOLOGIA
1278 441 1652 503 OXONIENSIS5

512 709 772 780 Vanaque
799 730 882 764 me
908 710 1045 763 ludit
1071 711 1285 781 species,
1316 719 1370 764 et
1394 712 1832 776 amabilis>error3

513 820 595 873 Ut
620 820 756 873 redit
782 821 923 873 illius
952 821 1182 891 placidus
1208 822 1336 873 mihi
1362 823 1615 892 temporis
1651 823 1795 885 ordo,

513 930 636 998 Quo
662 950 857 983 vacuus
883 931 1020 983 curis
1047 931 1326 984 Musarum
1353 951 1451 1003 ego
1477 932 1688 985 sedulus
1714 933 1894 986 hortos

510 1042 846 1105 Lustrabam,
874 1042 1060 1095 studiis
1084 1042 1273 1096 florens
1300 1043 1544 1114 ignobilis
1570 1043 1661 1096 oti.

513 1153 673 1221 Quod
697 1154 825 1206 mihi
851 1154 908 1217 si,
937 1153 1124 1207 vestris
1151 1173 1217 1206 ex
1243 1173 1348 1223 quo
1375 1153 1601 1207 caruisse
1627 1154 1842 1207 latebris

515 1263 744 1318 Strenua
767 1284 851 1317 me
869 1264 1029 1333 jussit
1055 1274 1346 1318 cessantem
1371 1265 1496 1327 vita,
1525 1265 1827 1335 pedumque

512 1376 671 1444 Quod
697 1396 864 1429 novus
891 1386 1071 1447 erepto
1097 1386 1272 1429 custos
1298 1385 1506 1447 pastore
1531 1377 1723 1447 recepi,

513 1485 640 1540 Otia
667 1486 845 1539 Pierio
871 1507 977 1540 non
1003 1487 1109 1540 sint
1136 1507 1379 1541 concessa
1406 1490 1503 1541 sub
1529 1497 1713 1550 antr03

515 1597 620 1651 Sed
644 1598 860 1651 meliora
886 1618 1111 1668 sequens
1138 1599 1335 1652 coelesti
1354 1599 1588 1652 fervidus
1615 1607 1746 1651 aestu

513 1708 749 1778 Appetat
773 1708 961 1762 illimes
988 1709 1191 1762 animus
1216 1709 1344 1760 mihi
1370 1710 1544 1761 sanior
1567 1709 1804 1771 haustUS,

509 1820 628 1873 Nec
647 1821 747 1872 nisi
773 1821 950 1874 divino
976 1821 1106 1874 velit
1131 1821 1406 1892 indulgere
1432 1821 1598 1874 furori
1618 1842 1630 1873 ε

508 1931 614 1983 Fas
639 1941 816 1984 tamen
843 1941 897 1985 et
922 1952 1064 1985 nunc
1089 1933 1157 1985 sit
1182 1932 1339 1985 colles
1365 1932 1627 2002 paulisper
1653 1950 1881 1984 amoenos

508 2043 778 2112 Prataque
807 2043 1052 2098 Castaliis
1076 2045 1338 2097 reminisci
1363 2045 1536 2097 lucida
1561 2045 1699 2098 rivis.

513 2154 724 2209 Scilicet
749 2156 841 2207 has
867 2155 991 2208 olim
1016 2164 1192 2226 gratas
1217 2155 1596 2208 meditantibus
1621 2140 1832 2208 umbras

509 2267 752 2338 Ingenuo
778 2276 938 2320 cantu.
964 2268 1218 2337 spatiatus
1243 2268 1423 2320 mulsit
1449 2268 1693 2320 alumnus

510 2380 643 2433 Post
669 2380 796 2432 alios
822 2380 984 2443 alius3
1026 2400 1123 2433 nec
1148 2380 1317 2433 defuit
1344 2380 1477 2433 alter
1503 2379 1685 2432 adulto

428 2522 438 2532 ·
511 2492 654 2546 Vate
679 2500 846 2554 tener,
876 2492 1143 2561 sylvaeque
1167 2510 1349 2544 recens
1376 2499 1429 2543 et
1455 2490 1683 2542 numinis
1708 2490 1885 2542 haeres.

509 2601 600 2664 Et,
628 2620 827 2671 precor,
856 2620 886 2652 o
912 2600 1048 2653 desit
1073 2619 1344 2668 nunquam
1366 2620 1379 2663 3
1421 2600 1527 2663 sed,
1556 2600 1725 2668 qualis
1752 2609 1806 2653 et
1831 2608 1969 2663 ante,

511 2711 671 2763 Alma
695 2720 791 2764 tuo
817 2711 996 2763 nutrix
1023 2713 1190 2780 pubes
1216 2720 1506 2764 succrescat
1531 2711 1745 2764 honori!

509 2823 589 2875 At
616 2842 710 2874 sua
735 2841 958 2890 quaeque
985 2821 1123 2874 vices
1149 2821 1455 2891 patiuntur3
1486 2829 1538 2874 et
1564 2821 1655 2873 illa
1679 2820 1896 2874 fuerunt

509 2933 797 3003 Tempora:
839 2931 1055 2984 mutatis
1081 2950 1193 2994 nec,
1223 2951 1339 3001 quae
1364 2932 1623 3001 placuere,
1651 2931 1951 3001 placebunt.

511 3044 659 3111 Quin
684 3043 783 3096 tibi
809 3043 852 3095 si
880 3042 1159 3111 Graiaeque
1185 3042 1330 3113 lepos
1356 3041 1632 3110 Latiaeque
1662 3041 1922 3096 Camoenae

511 3155 748 3218 Sordcat,
778 3163 832 3208 et
857 3154 1013 3225 positi
1038 3154 1245 3224 capiant
1271 3152 1480 3205 fastidia
1503 3152 1721 3223 plectri3

508 3269 734 3321 Praemia
759 3269 802 3320 si
827 3267 963 3320 lauri
988 3266 1219 3319 numeris
1247 3266 1464 3319 desueta
1489 3265 1690 3318 canoris
