2418 3944
663 435 826 475 ANTH
833 434 1055 475 OLOGIA
1099 433 1470 474 OXONIENSIS.
1865 436 1919 475 33

990 698 1162 733 XVIII.

527 800 728 876 {gualla
755 802 1041 862 &mantem
1071 800 1333 859 absentem
1358 800 1620 859 utsinetat.

866 957 1112 1005 Στοναχεῖτε
1137 953 1282 993 νάπαι.

150 905 156 1197 Ι

329 1083 452 1136 ΗΕΙ
477 1084 637 1137 mihi!
715 1083 889 1151 Quam
916 1104 1088 1136 rerum
1114 1092 1320 1136 mutant
1347 1091 1549 1135 mutata
1572 1083 1794 1135 colorem

400 1187 657 1239 Lumina!
697 1207 853 1256 quam
879 1187 1009 1239 laetis
1036 1186 1208 1238 omnia
1230 1187 1349 1238 laeta
1373 1185 1544 1238 nitent
1565 1185 1576 1238 1

326 1289 554 1342 Rivulus
580 1289 769 1352 illimis,
796 1289 1026 1359 gelidum
1053 1308 1251 1352 nemus,
1280 1309 1405 1340 aura
1430 1288 1650 1349 Favoni,
2306 1334 2312 1337 c

400 1391 571 1443 Floris
597 1391 737 1454 odor,
766 1391 926 1443 fontis
952 1411 1232 1453 murmura,
1262 1400 1445 1443 cantus
1471 1389 1609 1452 avis3

330 1492 539 1548 Cuncta
562 1494 706 1564 prius
731 1502 882 1564 grata
907 1494 1075 1564 specie
1101 1494 1335 1546 blandita
1360 1493 1633 1563 placebant
1654 1513 1666 1556 3

403 1578 542 1648 Nam
567 1615 736 1648 comes
763 1596 980 1659 astabat,
1010 1615 1114 1664 quo
1141 1595 1268 1658 sine,
1296 1595 1438 1647 nulla
1461 1595 1684 1664 placent.

330 1699 487 1752 Nunc
511 1698 657 1750 dolor
682 1707 760 1750 est
787 1698 986 1768 ingens,
1014 1698 1140 1749 mihi
1167 1698 1307 1767 quod
1332 1697 1434 1750 fuit
1461 1707 1581 1750 ante
1607 1697 1868 1767 voluptas!

402 1804 478 1856 Et
504 1803 736 1856 cruciant
762 1822 1015 1855 memores
1040 1803 1230 1873 gaudia
1255 1812 1380 1855 nota
1405 1803 1560 1855 sinus.

329 1905 492 1958 Nunc
507 1924 691 1957 nemus
707 1913 786 1957 est
803 1904 919 1956 odio
940 1925 952 1967 3
982 1913 1223 1957 moestum
1250 1904 1469 1975 ingemit
1495 1924 1620 1956 aura
1644 1904 1900 1974 gementi3
2005 1887 2008 1944 l

406 2007 529 2062 Sola
552 2015 720 2060 tremo
747 2006 1026 2076 strepitus3
1068 2014 1121 2058 et
1147 2006 1273 2058 facit
1300 2007 1484 2059 umbra
1507 2014 1693 2058 metus.
2005 2052 2008 2095 ι

330 2109 455 2181 Ipsa
477 2118 708 2170 movent,
736 2109 998 2179 quondam
1024 2128 1140 2160 mea
1165 2127 1304 2172 cura,
1333 2109 1524 2161 rosaria
1546 2109 1722 2172 bilem,

405 2212 568 2284 Spina
593 2212 735 2282 quod
759 2211 992 2263 altricem
1019 2220 1219 2282 pungat
1245 2220 1397 2263 acuta
1421 2231 1647 2264 manum.

330 2314 571 2367 Difficilis
597 2315 666 2366 fio
686 2334 700 2376 3
741 2314 942 2384 pulsam
969 2333 1158 2382 queror
1183 2333 1318 2384 aegra
1344 2313 1575 2382 quietem
1596 2333 1609 2375 3

402 2416 499 2468 Nil
517 2395 699 2486 juvat:
743 2424 824 2468 est
849 2415 1049 2478 absens,
1079 2434 1183 2484 quo
1211 2415 1336 2476 sine,
1365 2415 1509 2466 nulla
1532 2415 1754 2485 placent.

333 2515 552 2588 Singula
576 2517 667 2569 sed
691 2516 882 2587 priscos
908 2524 1118 2587 possent
1143 2535 1379 2586 reparare
1406 2515 1630 2578 decores,

404 2617 572 2672 Grata
595 2617 767 2670 forent
794 2618 953 2670 oculis
980 2618 1183 2688 singula
1208 2618 1318 2671 visa
1341 2617 1499 2680 meis3

330 2719 558 2773 Roscida
581 2739 901 2790 purpureum
928 2740 1173 2791 spargens
1202 2720 1411 2772 Aurora
1435 2720 1683 2790 vigorem,

403 2824 479 2876 Et
505 2805 717 2895 zephyri
743 2825 935 2887 dulces,
963 2844 1082 2876 cum
1109 2825 1219 2877 sitit
1244 2825 1421 2887 herba,
1450 2824 1588 2876 vices
1609 2844 1622 2887 3

335 2925 527 2980 Suavia
550 2928 854 2979 cantantfim
880 2927 1173 2979 discrimina
1197 2927 1337 2979 mille
1363 2927 1649 2989 volucrfim,

404 3029 625 3082 AEmula
651 3049 781 3099 quos
806 3050 923 3082 mea
948 3049 1049 3082 vox
1078 3039 1156 3082 est
1182 3029 1386 3082 imitata
1410 3029 1587 3081 modos
1608 3049 1620 3091 3

333 3131 526 3186 Omnia
551 3132 718 3185 adhuc
742 3132 933 3185 blando
959 3140 1225 3185 tentarent
1250 3140 1461 3202 pectora
1484 3140 1646 3193 motu,

410 3231 467 3286 Si
493 3251 663 3285 comes
689 3242 897 3295 astaret,
927 3253 1031 3302 quo
1058 3233 1183 3294 sine,
1212 3233 1355 3284 nulla
1378 3232 1599 3302 placent.
