2418 3944
725 434 1123 476 ANTHOLOGIA
1166 434 1542 476 OXONIENSIS.

1069 753 1193 790 XVI.

730 865 827 926 Qu
855 865 982 922 inem
1009 878 1202 937 semper
1228 872 1348 936 agat
1375 865 1518 922 imm.

1067 999 1191 1037 Arra.

377 1109 524 1162 DUM
550 1128 688 1163 nova
714 1108 1042 1164 Germanum
1066 1109 1279 1162 molitus
1303 1108 1481 1178 praelia
1504 1108 1560 1160 in
1585 1108 1789 1161 hostem

452 1220 687 1292 Agmina
711 1229 856 1273 trans
882 1220 1056 1273 Dubis
1081 1219 1298 1273 flumina
1325 1219 1500 1274 Caesar
1524 1220 1651 1291 agit,

387 1334 445 1388 It
471 1334 657 1388 furtim
684 1333 943 1405 ambiguis
968 1353 1148 1387 rumor
1172 1353 1267 1404 per
1292 1342 1461 1386 eastra
1487 1332 1708 1387 susurris

449 1443 706 1499 Venturae
730 1444 960 1497 referens
986 1443 1130 1496 mille
1155 1443 1349 1514 pericla
1373 1443 1470 1496 viae
1491 1464 1503 1495 :

362 1556 507 1609 Esse
532 1555 640 1609 alta
664 1555 720 1607 in
744 1554 916 1608 medio
941 1573 1171 1618 nemora,
1199 1554 1552 1623 informesque
1578 1553 1812 1624 paludeS‚

447 1666 524 1720 Et
547 1666 715 1719 lustra
738 1665 967 1718 humano
993 1665 1084 1718 vix
1110 1665 1349 1718 adeunda
1373 1665 1536 1736 pede3

379 1779 531 1835 Stare
558 1779 716 1833 etiam
740 1778 796 1830 in
819 1777 1034 1831 latebris
1058 1777 1278 1841 hostem,
1308 1778 1402 1847 qui
1426 1777 1563 1848 pelle
1589 1777 1823 1831 ferarum

450 1889 679 1943 Indutus
703 1889 905 1960 magnis
930 1875 1129 1941 ¹viribus
1155 1908 1298 1940 arma
1321 1896 1516 1950 movet,

379 2002 483 2058 Cui
508 2002 704 2073 species
731 2002 833 2054 oris
859 2010 1025 2064 torva,
1053 2001 1354 2070 intonsique
1381 2001 1571 2071 capilli,

453 2114 528 2169 Et
551 2115 784 2169 validum
807 2114 1021 2167 immani
1045 2114 1101 2166 in
1127 2133 1340 2184 corpore
1364 2114 1526 2167 robur
1549 2115 1701 2168 inest.

379 2224 526 2296 Ergo
551 2244 746 2288 omneS,
775 2245 907 2295 quos
931 2224 1071 2278 fama
1095 2225 1257 2289 duoiS‚
1287 2226 1627 2296 studiumque
1653 2226 1865 2281 videndi

454 2339 617 2392 Ultro
643 2339 698 2391 in
724 2339 966 2392 militiam
992 2348 1226 2393 suaserat
1250 2339 1327 2393 ire
1352 2359 1559 2404 novam,

379 2451 421 2505 J
423 2471 508 2504 am
531 2451 709 2505 videas
733 2451 856 2506 flere
882 2452 1022 2505 inter
1047 2471 1117 2515 se,
1146 2461 1238 2505 aut
1263 2452 1493 2505 tentoria
1517 2453 1654 2505 eirea

454 2563 756 2617 Mussantes
780 2564 921 2617 tristi
946 2583 1074 2618 voce
1101 2564 1235 2618 ciere
1260 2572 1449 2618 metus,

381 2669 516 2723 Mox
542 2669 645 2732 alii,
665 2670 794 2739 quis
818 2669 969 2722 firma
993 2669 1138 2731 fides,
1166 2679 1506 2740 spectataque
1535 2670 1718 2733 virtus,

453 2779 756 2852 (Centuri0‚
785 2790 839 2835 et
864 2781 1022 2852 longo
1050 2781 1228 2835 Marte
1254 2782 1455 2851 peritus
1482 2782 1689 2849 equeS,)

382 2890 494 2961 Ipsi
518 2890 677 2944 etiam
700 2890 918 2945 insuetae
943 2900 1190 2944 metuunt
1215 2891 1512 2944 discrimina
1536 2910 1741 2962 pugnae,

457 3001 532 3054 Et
559 3010 771 3072 sperant
796 3002 971 3054 tardas
996 3001 1187 3055 ducere
1214 3020 1363 3072 posse
1387 3020 1571 3053 moras,

387 3111 474 3165 Tu
499 3112 638 3164 solus
663 3112 806 3182 turpi
830 3111 1076 3164 immotus
1101 3131 1317 3164 moerore
1346 3119 1556 3163 tuorum

460 3222 624 3276 Nullo
649 3222 788 3275 victa
811 3231 958 3275 metu
984 3206 1210 3292 pectora,
1242 3221 1431 3285 Caesar,
1459 3221 1632 3275 habes,

1890 434 1975 475 299
