2418 3944
463 451 548 492 212
906 450 1301 492 ANTHOLOGIA
1345 450 1503 491 OXON
1510 451 1716 492 IENSIS.

530 722 668 774 Tum
694 741 807 775 sero
834 721 961 790 quid
986 721 1198 790 iniquus
1227 720 1459 792 Hymen,
1489 721 1617 790 quid
1642 721 1878 775 adultera
1902 721 2066 775 disces

601 831 808 886 Gaudia
832 851 1101 902 poenarum
1127 831 1231 883 sint
1255 830 1453 884 luitura
1476 851 1655 903 genus.

530 945 734 1014 Nempe
760 943 874 1007 tibi,
904 963 1008 1012 qua
1033 943 1185 996 sistra
1208 943 1392 996 tubam
1418 943 1725 1014 crepitantia
1750 943 1986 1007 vincunt,

602 1055 775 1110 Corda
799 1075 985 1127 graves
1010 1056 1136 1109 belli
1161 1055 1453 1110 dedidicere
1478 1057 1673 1109 minas:

527 1167 940 1236 Barbaricosque
965 1167 1105 1220 inter
1128 1168 1300 1231 luxus,
1328 1167 1613 1236 mollesque
1639 1167 1864 1229 choreas,

599 1279 808 1350 Regina
834 1288 887 1333 et
912 1279 1107 1349 patrios
1131 1279 1320 1332 indidit
1346 1279 1457 1349 ipsa
1480 1288 1665 1332 metus

530 1385 674 1438 Hinc
699 1386 843 1437 illam
867 1385 1055 1438 merita
1079 1385 1429 1455 trepidantem
1454 1395 1620 1439 morte
1647 1393 1856 1438 secutus

600 1496 794 1549 Infami
818 1496 1014 1567 poteris
1039 1505 1243 1550 vertere
1269 1505 1419 1567 terga
1442 1496 1594 1568 fugae.

528 1608 674 1659 Dum
698 1608 885 1676 loquor
909 1617 964 1661 at
988 1609 1162 1661 forsan
1188 1608 1388 1678 cupidis
1416 1608 1610 1661 effusus
1635 1608 1690 1660 in
1715 1607 1870 1671 ulnis,

602 1719 776 1771 Noxia
801 1718 1059 1772 damnosae
1084 1718 1282 1789 pellicis
1309 1738 1398 1771 ora
1422 1718 1581 1771 foves.

529 1830 674 1897 Quid
698 1830 840 1893 faciS,
871 1829 1118 1883 Antoni?
1155 1830 1390 1883 scelerati
1414 1829 1650 1900 lampade
1676 1829 1863 1883 amoris

601 1942 904 1994 Funereum
929 1942 1167 1995 accendis
1192 1942 1397 1995 nescius
1422 1942 1531 2012 ipse
1557 1961 1759 2013 rogum.

532 2053 742 2107 Scilicet
768 2053 1014 2122 amplexu
1038 2052 1257 2105 dominae
1282 2052 1455 2105 fatalis
1479 2052 1735 2104 inhaerens

600 2168 858 2220 Dimidias
883 2168 1010 2221 victi
1034 2168 1241 2238 projicis
1267 2168 1406 2221 orbis
1433 2187 1570 2238 opeS.

530 2279 579 2333 O
603 2279 613 2332 Σ
652 2279 778 2350 fuge
806 2279 859 2331 N
862 2279 1022 2332 iliacae
1051 2278 1229 2333 Circes
1254 2279 1391 2331 mala
1414 2279 1632 2349 poculal
1671 2298 1876 2331 causam
1966 2278 1971 2282 ⁶

606 2390 664 2444 Si
689 2390 884 2460 poteris
910 2390 1073 2460 culpae
1098 2391 1352 2459 linquere,
1380 2399 1530 2444 tutus
1557 2390 1669 2443 eris.

533 2500 622 2555 Sic
648 2520 744 2571 ego
771 2500 1007 2553 amicitiae
1034 2520 1235 2570 sperem
1262 2501 1358 2553 sub
1386 2501 1577 2553 foedere
1603 2520 1782 2552 rursus

601 2611 860 2666 Caesareas
885 2619 1060 2664 tecum
1077 2612 1301 2682 jungere
1326 2587 1474 2681 posse
1499 2631 1683 2663 manus
1703 2633 1715 2663 ε

525 2723 605 2775 At
631 2722 729 2775 tibi
753 2742 820 2775 ne
846 2721 1022 2775 videar
1046 2722 1287 2774 Romana
1314 2721 1535 2775 Octavia
1558 2722 1662 2774 fido

602 2834 722 2887 Hoc
747 2834 946 2903 aliquid
970 2835 1175 2887 monitu
1201 2834 1520 2887 consuluisse
1544 2834 1689 2897 mihi,

524 2946 642 2999 Nec
667 2946 906 3016 precibus
931 2946 1091 2998 semel
1111 2945 1396 3016 aggrediar,
1424 2965 1520 2998 nec
1547 2945 1818 3014 questibus
1842 2945 1964 2998 ullis

596 3057 686 3110 Ad
710 3058 962 3110 thalamos
987 3058 1266 3128 profugum
1292 3066 1346 3110 te
1371 3075 1612 3110 revocare
1638 3076 1778 3111 meos
1798 3078 1810 3110 ε

524 3168 711 3222 Sordet
738 3169 876 3221 enim
901 3177 1144 3222 exoratus
1169 3189 1325 3231 amor,
1354 3169 1639 3240 longosque
1664 3188 1757 3239 per
1781 3189 1904 3222 usus

596 3279 852 3350 Neglecto
877 3280 1033 3333 didici
1059 3280 1166 3334 solo
1182 3281 1356 3350 jacere
1382 3289 1511 3334 toro,
