2418 3944
865 462 1258 505 ANTHOLOGIA
1302 462 1674 504 OXONIENSIS.

1218 946 1321 983 LII.

1007 1060 1196 1135 2525&ss
1222 1059 1507 1126 OEbehana.

517 1227 646 1280 PER
675 1227 882 1281 Thebas
907 1228 1033 1280 dum
1060 1247 1194 1281 saeva
1219 1246 1417 1299 augens
1443 1226 1686 1298 contagia
1709 1226 1872 1297 pestis
1920 1258 1925 1260 -

586 1339 697 1392 Dat
723 1347 966 1411 stragem,
995 1348 1049 1393 et
1074 1339 1265 1393 Furias
1289 1339 1513 1410 concipit
1538 1357 1706 1407 usque
1731 1357 1920 1400 novas;

516 1451 681 1504 Tecta
704 1451 936 1505 fremunt
960 1451 1178 1523 gemitU,
1207 1460 1261 1504 et
1285 1459 1452 1504 totam
1476 1450 1766 1503 miseranda
1789 1469 1884 1520 per
1907 1449 2092 1502 urbem

588 1563 865 1626 Lamenta,
894 1571 948 1617 et
973 1563 1216 1634 lacrymis
1240 1563 1406 1615 fracta
1430 1562 1644 1631 querela
1669 1571 1832 1615 sonat.

516 1672 736 1743 Templa
759 1682 952 1744 petunt
978 1674 1117 1727 cives
1141 1673 1348 1744 trepidi,
1378 1673 1634 1743 effusique
1661 1673 1757 1726 sub
1783 1693 1896 1726 aras

587 1784 760 1838 Iratos
783 1794 1007 1856 poscunt
1032 1785 1088 1836 in
1115 1804 1209 1837 sua
1233 1792 1357 1838 vota
1381 1785 1517 1838 deoc.

515 1895 622 1948 Hic
650 1895 850 1948 Phoebo
873 1915 1053 1966 paeana
1076 1895 1270 1948 iterant
1290 1915 1303 1958 3
1344 1895 1429 1948 hic
1453 1902 1604 1947 terna
1628 1894 1814 1947 Dianae

588 2004 836 2067 Numina,
866 2013 920 2058 et
946 2005 1254 2058 armiscnam
1280 2004 1498 2058 Pallada
1521 2004 1621 2058 rite
1646 2013 1849 2058 vocant.

514 2116 677 2170 Parte
704 2118 818 2181 alia,
847 2126 1157 2188 patremque
1183 2118 1224 2172 J
1227 2137 1394 2181 ovem,
1421 2127 1583 2187 teque
1609 2117 1746 2171 Evie
1772 2118 1999 2171 clamant

586 2228 809 2291 Bacche,
841 2228 1150 2283 Cithaeronis
1176 2249 1308 2299 saepe
1334 2229 1535 2282 ululate
1552 2228 1710 2300 jugis.

516 2339 655 2391 Tum
679 2339 920 2409 planctus
945 2339 1261 2392 morientfim
1286 2339 1468 2402 audiri,
1497 2348 1551 2392 ct
1577 2339 1758 2392 crebra
1782 2338 2001 2392 cadaver

587 2452 735 2506 Ante
761 2453 901 2506 diem
925 2453 1120 2505 moestis
1145 2472 1297 2506 urere
1322 2453 1529 2506 flamma
1553 2454 1705 2524 rogiS,

514 2565 589 2618 Et
613 2565 838 2635 pecudes
863 2565 1023 2635 vulgo
1048 2565 1317 2618 intereunt
1337 2585 1349 2616 ε
1397 2584 1494 2618 nec
1520 2564 1711 2618 sufficit
1736 2565 1950 2618 herbam

586 2677 707 2730 Nec
732 2677 937 2730 solitam
961 2676 1176 2748 frugum
1200 2685 1342 2729 terra
1366 2676 1626 2729 ministrat
1652 2696 1817 2747 opem.

514 2786 679 2839 Haud
702 2795 900 2840 temere
925 2786 1034 2839 haec
1058 2786 1287 2856 ipsorum
1311 2786 1389 2838 ira
1413 2786 1633 2839 demissa
1656 2787 1871 2840 deorum

588 2895 884 2951 Cadmaeam
909 2903 1118 2948 vastant
1142 2894 1328 2947 funera
1352 2902 1501 2947 tanta
1525 2894 1768 2947 domum:

512 3005 868 3059 Labdacidam
888 3024 1075 3058 caesum
1100 3005 1293 3067 ustura,
1322 3005 1649 3074 incestosque
1678 3005 2013 3075 HymenaeOS,

588 3117 736 3179 Haec,
766 3116 884 3168 Diis
910 3135 976 3169 ex
1002 3115 1178 3168 Erebo
1205 3115 1422 3178 concita,
1450 3115 1682 3186 Erynnis
1710 3125 1763 3180 [Ρ]
1790 3116 1917 3187 agit.

1943 3226 2003 3259 w.
