2418 3944
693 441 776 482 AN
780 439 1089 482 THOLOGIA
1135 437 1322 480 OXONI
1327 438 1402 478 EN
1408 438 1512 478 SIS.
1891 435 1977 475 233

1012 721 1232 758 XXXIII.

997 834 1245 903 miltun.

378 989 606 1052 CAECUS,
634 988 800 1059 inop5,
829 987 1117 1058 patriaeque
1143 995 1406 1057 superstes
1432 994 1670 1055 tempore
1696 982 1898 1052 iniquo,

451 1099 712 1152 Miltonus
738 1117 987 1169 magnum
1013 1097 1224 1151 sedulus
1250 1105 1406 1168 urget
1432 1115 1575 1167 opus,

379 1212 712 1284 Degenerem
737 1218 948 1263 aetatem
973 1209 1175 1280 placide
1201 1208 1512 1271 contemnit,
1542 1217 1596 1261 et
1623 1207 1794 1259 altum

457 1324 629 1396 Supra
652 1323 878 1377 fortunae
903 1341 1124 1374 munera
1148 1321 1285 1374 radit
1311 1321 1426 1374 iter.

384 1436 508 1489 Nox
533 1434 710 1488 oculos
735 1433 860 1487 licet
885 1442 1080 1486 aeterna
1104 1432 1326 1504 caligine
1353 1431 1649 1494 obumbret,

455 1546 857 1617 Paupertasque
882 1545 1031 1616 gravi
1056 1553 1214 1598 vexet
1240 1544 1427 1597 acerba
1450 1562 1626 1606 mann,

385 1657 510 1711 Non
534 1657 708 1709 minus
732 1664 995 1709 arrectum
1020 1654 1210 1718 studio,
1238 1654 1616 1723 ardentemque
1642 1654 1834 1715 furore,

462 1767 571 1820 Per
597 1785 743 1819 sacra
770 1747 1051 1822 Musarum
1077 1764 1231 1818 devia
1254 1773 1430 1835 raptat
1456 1783 1615 1817 amor.

388 1879 547 1932 Mens
574 1897 651 1941 ea,
680 1897 798 1947 quae
823 1877 1004 1929 mundi
1032 1877 1162 1930 fines
1187 1884 1508 1947 processerat
1535 1884 1701 1939 extra,

461 1990 587 2044 Non
612 1998 724 2043 erat
748 1989 988 2042 humanis
1013 1988 1333 2042 debilitanda
1356 1988 1519 2040 malis·

1037 2399 1247 2436 XXXIV.

1051 2511 1226 2572 ’itum

662 2655 897 2681 -INTENDED
925 2655 973 2681 ΤΟ
1003 2656 1114 2680 11sz
1145 2655 1251 2680 BEEN
1283 2655 1440 2681 PLACED
1462 2656 1601 2682 UNDER

799 2756 838 2794 A
863 2756 1099 2794 STATUE
1124 2755 1201 2794 OF
1225 2756 1480 2795 SOMNUS.

326 2881 535 2938 SOMNE
560 2881 699 2945 veni,
728 2890 782 2935 et
809 2901 1112 2952 quanquam
1138 2883 1425 2936 certissima
1449 2883 1632 2936 mort-is
1658 2884 1829 2954 imago
1856 2903 1927 2946 εει,

399 2991 711 3048 Consortem
738 2992 893 3063 cupio
918 3002 973 3045 te
999 3002 1178 3046 tamen
1205 3013 1315 3046 esse
1343 2994 1460 3046 tori.

326 3105 454 3159 Huc
477 3105 617 3168 adeS,
645 3105 785 3158 haud
810 3105 1017 3159 abiture
1044 3106 1166 3169 cito,
1195 3127 1316 3159 nam
1343 3107 1416 3160 sic
1442 3107 1552 3160 sine
1580 3107 1690 3160 vita

401 3217 618 3282 Vivere,
647 3238 807 3288 quam
833 3238 992 3271 suave
1020 3227 1116 3282 est,
1145 3219 1218 3272 sic
1244 3220 1355 3272 sine
1381 3229 1549 3273 morte
1576 3219 1736 3273 mori!

1658 3331 1698 3363 T.
1716 3331 1897 3362 VVarton.
