2418 3944
407 689 846 750 incumbamus,
938 690 1253 752 Clamatur
1303 691 1547 767 scilicet,
1594 691 1672 751 ad
1721 713 1816 751 res
1858 692 2062 772 potius

408 832 590 889 quam
626 811 704 871 ad
741 813 926 872 verba
955 822 1015 872 et
1047 813 1191 895 styli
1237 813 1536 873 rationem
1579 834 1706 873 esse
1749 812 2060 873 attenden-

408 931 571 991 dum.
692 933 1249 994 Demonstrandum
1325 945 1530 995 autem
1603 945 1750 1010 erat,
1809 956 2062 1016 magnos

407 1054 542 1113 illos
588 1055 751 1115 viros
798 1056 904 1135 qui
950 1054 1077 1115 haec
1127 1066 1301 1116 tanto
1354 1055 1557 1116 studio
1608 1057 1943 1131 coluerunt,
1996 1056 2061 1114 in

407 1195 613 1233 rerum
642 1176 984 1255 cognitione
1013 1176 1186 1234 nobis
1215 1175 1530 1235 inferiores
1559 1176 1865 1235 extitisse.
1898 1174 2061 1254 quod

408 1296 454 1354 si
487 1297 663 1375 plane
707 1306 918 1356 contra
946 1297 1131 1357 fuisse
1162 1298 1479 1373 constabit,
1513 1319 1697 1377 quam
1724 1298 1968 1356 infirmo
1996 1296 2060 1356 hi

409 1418 522 1477 sibi
551 1419 829 1498 placeant
858 1429 1219 1500 argumento
1251 1420 1396 1479 satis
1426 1419 1757 1499 apparebit.

491 1536 895 1612 Quamobrem
916 1537 1059 1597 huic
1081 1538 1233 1598 Vitio
1255 1560 1366 1618 pro
1387 1537 1550 1598 virili
1582 1536 2060 1597 succurrendum

405 1666 593 1732 ratUS,
628 1657 1004 1738 spicilegium
1034 1679 1065 1717 e
1094 1667 1445 1717 nostrorum
1485 1658 1856 1717 carminibus
1885 1657 2106 1717 edere

405 1775 659 1851 decrevi,
693 1785 763 1835 ut
793 1776 1050 1835 aliorum
1081 1777 1373 1856 exemplis
1403 1777 1695 1858 instigati,
1734 1777 1952 1858 reliqui
1981 1777 2060 1837 ad

404 1896 910 1977 elegantissimam
944 1897 1100 1957 hanc
1143 1898 1524 1978 disciplinam
1559 1898 1957 1958 exercendam
1999 1908 2060 1959 et

405 2039 529 2076 sese
580 2028 909 2077 commotos
955 2019 1265 2078 sentirent.
1356 2018 1526 2079 Inter
1569 2041 1637 2078 ea
1676 2029 1881 2079 autem
1924 2041 2059 2100 quae

404 2137 502 2196 hic
532 2120 759 2217 publici
781 2139 942 2218 juris
971 2140 1101 2212 feci,
1134 2139 1299 2198 haud
1327 2160 1538 2219 pauca,
1580 2149 1652 2199 ut
1688 2161 1877 2220 spere,
1912 2141 2057 2200 satis

403 2258 674 2333 feliciter,
748 2259 1043 2318 nonnulla
1098 2259 1438 2319 felicissime
1508 2269 1771 2320 tractata
1826 2261 2053 2321 inveni-

405 2387 621 2437 entur:
675 2378 952 2457 quaedam
993 2380 1042 2437 si
1084 2400 1254 2439 secus
1305 2390 1502 2454 erunt,
1551 2380 1770 2439 horum
1814 2381 2054 2441 veniam

405 2498 574 2557 dabit
604 2498 823 2557 Lector
851 2498 1340 2558 humanissimus,

488 2618 666 2694 Quod
692 2619 870 2699 longe
899 2619 1078 2698 plura
1107 2619 1327 2679 Latino
1351 2641 1531 2699 quam
1557 2618 1763 2681 Graeco
1784 2641 2054 2679 sermone

406 2738 630 2817 scripta
666 2737 843 2813 edidi,
874 2737 1051 2797 haud
1092 2740 1213 2797 scio
1257 2760 1334 2797 an
1373 2739 1522 2797 mihi
1569 2760 1691 2798 non
1740 2739 2053 2819 ingratum

404 2859 708 2919 acciderit.
798 2859 992 2919 Video
1023 2861 1184 2920 enim
1212 2863 1536 2921 nonnullos
1565 2862 1740 2921 hodie
1759 2863 1846 2921 ita
1866 2863 2051 2942 loqui,

404 2982 576 3061 quasi
605 2981 840 3040 litteras
871 2980 1121 3041 Latinas
1164 3004 1288 3062 prae
1329 2982 1550 3044 Graecis
1582 2983 1836 3058 sordere,
1869 2983 2054 3043 immo

403 3103 718 3183 diligentia
738 3124 846 3162 sua
863 3103 972 3162 Vix
995 3102 1208 3183 dignas
1227 3125 1353 3163 esse
1375 3113 1611 3184 putent.
1675 3103 1821 3178 Quae
1851 3105 2053 3184 opinio

403 3224 580 3304 longe
610 3232 700 3282 est
738 3222 1058 3282 falsissima
1082 3247 1095 3297 3
1126 3244 1234 3282 nec
1252 3232 1379 3282 tam
1400 3224 1696 3299 limatum,
1718 3234 1790 3284 ut
1820 3225 2049 3304 opinor,

399 3342 701 3422 judicium
744 3365 926 3421 quam
970 3343 1154 3401 animi
1198 3343 1507 3423 pigritiam
1552 3344 1725 3424 sapit.
1818 3343 2051 3423 Quippe

414 438 518 498 viii
1016 460 1102 499 Al)
1141 460 1251 501 LEc
1259 460 1476 500 roimM.
2168 523 2169 529 ἵ
