2418 3944
452 416 539 457 304
892 419 1291 461 ANTHOLOGIA
1334 419 1692 460 OXONIENSIS
1701 446 1711 458 .

1270 809 1394 846 XXI.

907 924 1003 984 &11
1046 924 1161 985 fitz
1203 923 1427 982 imitttut
1465 924 1760 984 Naturam.

1274 1057 1394 1095 ΑΕΒ-Β.

509 1167 660 1235 QUAE
687 1167 786 1221 tibi
811 1167 1080 1238 perpetuis
1106 1176 1222 1221 orta
1247 1176 1327 1221 est
1353 1169 1449 1220 sub
1476 1167 1672 1220 solibus
1696 1167 1874 1231 herba,

467 1256 476 1265 ε
580 1278 658 1331 Et
684 1278 838 1331 solita
862 1278 929 1330 ad
957 1277 1163 1331 fervens
1189 1297 1301 1331 sese
1326 1277 1527 1348 aperire
1547 1277 1722 1346 jubar,

508 1388 562 1442 N
565 1408 634 1441 on
658 1389 748 1441 illa
775 1387 977 1442 Arctoo
1002 1388 1199 1458 poterit
1224 1407 1278 1441 66
1305 1388 1514 1441 credere
1541 1388 1686 1451 coelo,

581 1501 700 1554 Aut
724 1500 865 1554 inter
889 1509 1092 1554 nostras
1118 1519 1347 1554 crescere
1371 1501 1493 1553 laeta
1517 1500 1678 1553 nives.

507 1612 609 1665 Est
634 1620 828 1675 tamen,
857 1620 920 1664 ut
945 1630 1072 1665 cura
1096 1611 1377 1680 studioque
1404 1611 1616 1664 exculta
1640 1610 1784 1664 fideli

580 1724 814 1787 Floreat,
843 1731 897 1776 et
922 1723 1141 1794 longum
1165 1730 1317 1793 grata
1340 1721 1593 1792 rependat
1619 1740 1764 1792 opus·

512 1834 631 1888 Sint
656 1834 733 1885 illi
760 1853 854 1885 sua
876 1832 1172 1903 temperieS,
1202 1840 1256 1885 et
1280 1832 1489 1902 propria
1512 1831 1634 1884 vitae

579 1945 801 2007 Pabula,
830 1944 898 1997 sit
923 1944 1096 2008 fictus,
1126 1963 1232 2013 qua
1256 1943 1380 1997 licet
1407 1952 1536 2006 arte,
1565 1944 1718 1996 calor.

509 2056 716 2109 Passim
742 2064 907 2108 strata
930 2054 1075 2126 legas
1102 2075 1226 2127 ergo
1251 2055 1376 2108 folia
1401 2055 1560 2119 arida,
1590 2055 1750 2108 601616

582 2140 657 2219 Et
682 2186 934 2237 premere,
964 2175 1018 2220 et
1043 2167 1192 2220 tenui
1218 2187 1460 2239 spargere
1485 2165 1644 2219 fontis
1671 2185 1840 2235 aqua3

508 2277 585 2331 Et
612 2297 722 2331 6666
748 2277 999 2330 abstrusae
1026 2278 1329 2331 extuderint
1356 2297 1477 2331 cum
1503 2277 1701 2330 semina
1723 2277 1958 2340 flammae,

585 2387 818 2458 Coeperit
845 2375 1103 2440 exsudans
1129 2406 1249 2441 cum
1273 2387 1479 2440 fluitare
1506 2406 1682 2457 vapor,

510 2498 719 2552 Deinde
745 2497 868 2550 fimo
892 2498 1078 2568 pingui
1103 2498 1344 2561 obducas,
1372 2497 1559 2552 deinde
1585 2499 1785 2551 instrue
1810 2497 2037 2560 mollem,

587 2607 710 2675 Qua
735 2627 845 2660 6666
871 2607 1018 2659 radix
1045 2605 1264 2677 parvula
1288 2608 1479 2670 firmet,
1506 2609 1742 2660 humum.

515 2716 662 2784 Quin
689 2717 847 2770 etiam
874 2724 928 2770 et
954 2716 1123 2770 vitreo
1150 2736 1324 2787 sospes
1350 2718 1447 2770 sub
1473 2718 1722 2788 tegmine,
1751 2718 1913 2772 6016111

585 2828 851 2899 Excipiat,
879 2828 1059 2898 pluvio
1084 2847 1190 2880 non
1215 2826 1455 2881 adeunda
1479 2828 1521 2882 J
1524 2827 1623 2881 ovi.

510 2939 706 2992 Planta
731 2958 892 2992 novos
919 2936 1183 3008 extemplo
1209 2938 1421 3000 animos,
1449 2957 1586 2991 nova
1610 2938 1808 2991 semina
1833 2939 1954 2992 vitae

584 3050 877 3121 Concipiet,
905 3049 1082 3103 faciles
1108 3048 1419 3120 explicitura
1443 3049 1600 3103 sinus.

515 3161 623 3216 Seu
647 3161 822 3232 gelido
849 3181 1001 3214 succo
1027 3160 1266 3213 aestivum
1291 3160 1523 3213 relevare
1549 3160 1773 3214 calorem

583 3271 818 3334 Promta,
847 3292 981 3343 vaga
1005 3272 1238 3325 cucumis
1264 3271 1425 3341 stirpe
1451 3281 1683 3341 pererret
1707 3273 1960 3334 humum3
