2418 3944
717 516 1114 558 ANTHOLOGIA
1157 515 1531 558 OXONIENSIS.

1086 928 1246 965 LXVI.

1021 1062 1319 1114 HOPTIA.

509 1231 715 1282 ΝΟΣΕΙΣ
739 1228 808 1282 σὺ
833 1228 1006 1297 δῆθεν·
1046 1229 1156 1283 εἶτα
1180 1228 1311 1302 πρὸς
1337 1234 1607 1285 νοσοῦντος
1631 1231 1694 1299 ἣν

509 1325 696 1393 φοιτᾶν
721 1344 783 1375 σε
806 1320 999 1390 «γυμνὸν
1023 1322 1162 1386 ὄντα,
1191 1322 1279 1375 καὶ
1304 1323 1660 1391 σταλάγματα

506 1415 627 1481 ἠοῦς
649 1415 892 1482 μυδώσης
915 1419 1137 1478 ἐκπιεῖν;
1179 1415 1306 1488 ποία
1333 1414 1470 1486 νόσῳ

508 1506 736 1574 ξύνοικος
761 1506 871 1560 εἶτα
897 1506 1110 1575 δεμνίων
1133 1507 1395 1561 παιωνίων

506 1597 622 1651 πόδ’
648 1598 712 1652 ἄν
736 1621 815 1653 τις
837 1600 1130 1670 ἐκκλέψειε,
1157 1599 1450 1672 παννύχους
1475 1600 1675 1672 φθορὰς

505 1691 663 1745 τιθεὶς
687 1691 811 1764 παρ’
838 1692 981 1745 οὐδὲν
1006 1692 1094 1745 καὶ
1119 1692 1282 1746 κακὰς
1307 1692 1623 1757 δυσαυλίας;

504 1785 561 1839 τί
580 1784 715 1839 τοῦτ’
742 1785 806 1839 ἂν
830 1786 922 1852 εἴη,
949 1785 1094 1853 πλὴν
1117 1786 1298 1839 ἑκόντα
1322 1791 1645 1858 προσκαλεῖν

505 1877 658 1933 νόσον
682 1878 848 1932 νόσων
873 1878 1098 1951 ἔφεδρον,
1128 1879 1331 1952 αἰθέρος
1354 1878 1552 1947 μύσος;

504 1973 598 2026 οὐκ
621 1971 734 2026 ἔστι
759 1971 918 2037 ταῦτ’,
948 1973 1040 2026 οὐκ
1064 1971 1222 2037 ἔστιν,
1249 1971 1372 2025 ἀλλ’
1400 1971 1502 2025 ἔσω
1529 1976 1725 2044 φρενῶν

502 2063 719 2130 βόσκεις
743 2065 895 2118 νόσον
919 2064 1055 2132 τήνδ’
1081 2067 1141 2134 ἐξ
1163 2065 1421 2137 ἁμαρτίας
1446 2065 1608 2119 τινός·

503 2157 568 2225 ἣν
592 2157 654 2224 δὴ
681 2157 875 2212 δίκαιος
899 2158 1034 2211 οὖσά
1059 2181 1146 2212 σοι
1172 2157 1465 2227 ξυνειδέναι,

504 2250 618 2304 ἐπεὶ
642 2250 868 2322 δάμαρτι
893 2255 1045 2305 τοῦτο
1070 2251 1379 2322 πρόσκειται
1403 2252 1572 2325 Ὑέρας,

505 2340 663 2414 φίλον
687 2342 823 2415 φίλη
850 2365 912 2396 σε
935 2341 1220 2411 (γονυπετὴς
1243 2345 1456 2412 ε’παξιῶ,

498 2435 631 2506 πρὸς
655 2434 917 2502 καλλόνης
941 2458 1011 2500 τε,
1040 2441 1132 2503 τῆς
1156 2436 1493 2504 ἐθαυμάσθην
1517 2435 1576 2490 τὸ
1602 2437 1739 2509 πρίν,

499 2527 630 2600 πρός
654 2527 704 2581 σ’
731 2529 802 2582 ὧν
825 2528 1047 2601 ἐραστὴς
1072 2529 1340 2598 εὐγμάτων
1364 2528 1416 2598 μ’
1443 2530 1597 2598 ἤντου
1621 2529 1752 2594 τότε,

499 2621 588 2674 καὶ
611 2625 704 2676 τοῦ
725 2622 977 2690 με’γίστου
1002 2620 1065 2689 δὴ
1090 2621 1266 2694 τρίτου
1291 2622 1627 2690 ξυνθήματος,

498 2713 589 2787 ἀφ’
616 2715 773 2787 οὗπέρ
798 2719 954 2782 ἐσμεν
977 2719 1035 2768 ἐκ
1060 2715 1199 2769 δυοῖν
1223 2714 1381 2788 ψυχὴ
1405 2716 1517 2783 μία,

498 2811 586 2862 νῦν
610 2807 859 2880 συμμόρῳ
885 2811 955 2878 σῇ
980 2808 1113 2879 τῇδε,
1142 2808 1230 2862 σοὶ
1254 2808 1321 2861 τὰ
1345 2807 1496 2862 πάντ’
1525 2809 1630 2878 ἴσῃ,

498 2900 759 2962 κοίνωσον,
788 2905 846 2954 ἐκ
870 2906 962 2955 τοῦ
986 2901 1122 2955 τοῦτ’
1149 2901 1285 2975 ἔχεις
1308 2901 1482 2968 λύπης
1504 2903 1685 2974 βάρος,

496 2994 690 3061 ταύτην
714 3016 770 3048 τε
795 2994 954 3048 νύκτα
979 3017 1067 3048 σοι
1093 2995 1427 3064 ξυνήλλαξαν
1451 2995 1606 3049 τίνες·

496 3087 554 3155 ἓξ
575 3086 763 3159 ἀρτίως
785 3086 886 3159 Γγὰρ
913 3087 1046 3140 ἕπτα
1069 3085 1113 3141 τ’
1139 3087 1330 3161 ἄνδρες,
1358 3088 1570 3156 ὄμματα

495 3177 610 3232 οὐδὲ
634 3177 805 3250 σκότῳ
831 3178 1124 3244 δεικνύντες,
1152 3180 1290 3247 ἦσαν
1313 3181 1535 3235 ἔντοποι.

1821 3275 1855 3308 J.

1915 519 1997 559 115
